2470 4198
1208 511 1472 555 —154—

454 625 560 679 que
591 609 906 675 opinionem
933 605 1135 667 tradat,
1186 609 1503 662 transmisso
1546 611 1706 662 etiam
1736 613 1855 677 ipso
1892 614 2199 668 authentico

453 675 737 744 capitulari
763 678 903 725 actu.

523 765 756 815 Demum
798 768 921 810 cum
942 758 1282 830 contingere·
1313 760 1605 827 aliquando
1643 763 1834 828 possit,
1864 768 1925 814 ut
1963 766 2206 819 canonici

455 829 702 897 legitime
748 820 1118 888 imped1antu1·
1142 841 1212 901 ne
1241 828 1306 880 ad
1334 827 1629 945 effimlum
1655 829 1714 880 in
1741 843 1849 905 quo
1893 830 2207 897 hujusmodi

452 895 570 948 fieri
615 891 1218 946 debetcommendatlo¹
1250 908 1373 946 acce
1412 900 1536 956 ant,
1581 900 1793 947 censuit
1817 897 1868 947 S.
1905 897 2016 948 Con
2055 912 2113 949 re
2151 913 2206 950 a-

453 963 530 1014 tio
554 958 915 1013 admittendos
940 962 1070 1009 tunc
1088 972 1206 1011 esse
1233 960 1549 1012 eorumdem
1576 967 1953 1027 procuratores
1980 912 2054 1015 at}
2072 913 2149 1015 el}
2179 993 2203 1001 -

454 1034 600 1080 ctum
627 1032 834 1079 tantum
859 1025 1105 1078 tradendi
1123 1025 1372 1079 schedam
1401 1042 1523 1078 cum
1546 1028 1767 1079 nomine
1795 1034 1846 1080 et
1871 1030 2207 1095 praenomine

455 1094 694 1162 eligendi
722 1091 812 1162 (1).

521 1182 788 1234 Caeterum
836 1180 1377 1232 animadvertendum
1398 1194 1463 1232 ac
1489 1179 1871 1231 declarandum
1903 1179 2120 1243 censuit
2154 1181 2206 1232 S.

454 1246 827 1314 congregatio,
853 1246 940 1299 his
973 1247 1228 1299 omnibus
1250 1245 1517 1298 contineri
1541 1247 1914 1298 tantummodo
1933 1259 2205 1297 commen-

454 1312 723 1367 dationem
741 1350 756 1376 ,
800 1313 933 1366 adeo
975 1320 1053 1375 ut,
1081 1314 1299 1380 quando
1322 1314 1690 1365 necessarium
1712 1313 1800 1364 vel
1835 1313 2203 1378 opportunum

454 1381 703 1434 videatur
723 1418 737 1443 ,
786 1379 1097 1446 Apostolica
1121 1380 1285 1432 Sedes
1316 1393 1417 1432 suo
1443 1385 1627 1432 utetur
1653 1379 1777 1446 jure
1802 1378 2032 1431 alterum
2061 1392 2203 1446 quo-

453 1462 580 1515 que,
609 1451 804 1514 praeter
833 1446 1265 1507 commendat05‚
1293 1445 1549 1514 eligendi.

524 1537 660 1588 Cum
685 1546 815 1586 vero
836 1531 951 1584 haec
974 1531 1158 1585 omnia
1180 1532 1531 1585 Sanctissimo
1559 1535 1625 1585 D.
1647 1534 1711 1585 N.
1732 1532 1828 1585 Pio
1858 1533 1928 1584 Pa
1968 1548 2012 1584 ae
2035 1534 2113 1584 IX
2136 1534 2204 1586 ab

451 1599 797 1666 infrascripto
821 1600 876 1651 S.
903 1599 1350 1666 congregationis
1387 1599 1677 1651 secretario
1723 1599 1889 1651 relata
1941 1599 2123 1661 uerint
2145 1600 2207 1650 in

453 1665 729 1720 audientia
752 1664 863 1717 diei
884 1667 916 1717 6
941 1664 1183 1730 ejusdem
1204 1665 1409 1716 mensis
1433 1671 1485 1718 et
1508 1665 1657 1728 anni,
1691 1665 1949 1717 Sanctitas
1971 1667 2076 1717 Sua
2107 1667 2205 1718 be-

453 1734 620 1801 nigne
651 1732 839 1784 eadem
864 1730 1114 1797 probavit
1150 1745 1211 1782 ac
1242 1730 1447 1784 servari
1471 1731 1732 1795 decrevit,
1772 1731 2057 1798 contrariis
2087 1731 2210 1799 qui-

455 1802 798 1866 buscumque
829 1797 975 1850 haud
1001 1797 1363 1850 obstantibus,
2054 1811 2059 1813 ’

523 1888 746 1946 Datum,
779 1886 880 1933 etc.
1815 1927 1820 1931 Α

538 1954 554 1973 *
585 1962 607 1969 “’
1355 1952 1417 2000 Α.
1445 1949 1726 2011 Euxinum,
1754 1951 2090 2007 secretarius..
2150 1949 2213 2014 1332:

517 2153 581 2211 (i)
609 2150 732 2212 Sive,
752 2148 1080 2214 prout'ssppstea
1101 2162 1133 2210 ax
1153 2147 1200 2213 S«.
1223 2149 1275 2195 C.
1296 2150 1573 2208 explicatum
1603 2157 1697 2207 est,
1733 2159 1826 2198 tres
1869 2150 2079 2206 schedas,
2112 2162 2218 2198 cum

461 2211 727 2260 nominihus
760 2209 1111 2261 triumvirorum
1127 2209 1548 2267 proponendorum.
1575 2209 1835 2257 Notandum
1871 2216 1940 2254 est
1972 2209 2222 2268 generatim

461 2272 602 2329 quod,
630 2270 777 2320 sicubi
801 2273 954 2331 aliqua
969 2268 1278 2325 discrepantia
1299 2269 1727 2327 inveniatur„inter
1745 2269 1933 2314 Decreta
1955 2268 2116 2328 synodi
2131 2296 2157 2324 ‚-
2177 2274 2223 2324 et

461 2330 742 2380 Documenta
768 2333 871 2392 ipsa
901 2330 957 2376 ad
989 2341 1091 2386 quae
1117 2326 1396 2384 referuntur,
1425 2328 1516 2374 hoc
1546 2327 1652 2373 inde
1670 2328 1874 2383 eveniat,
1899 2328 2023 2385 quod
2055 2327 2140 2373 ista
2163 2325 2222 2370 ab

462 2390 561 2448 ipsa
592 2388 640 2434 S.
672 2391 725 2438 C.
766 2405 848 2451 per
871 2390 1230 2445 subsse'quentes
1262 2387 1480 2446 epistolas
1521 2386 1781 2434 modificata
1818 2386 1987 2432 fuerint
2015 2385 2062 2433 ln
2090 2385 2222 2446 praxi

462 2449 617 2508 igitur,
638 2450 962 2499 adhaerendum
984 2446 1128 2495 textui
1152 2445 1337 2505 Synodi.
1365 2445 1418 2491 N.
1443 2446 1495 2492 C.
1524 2444 1598 2491 W.
