2470 4198
1174 543 1226 548 —
1263 517 1346 562 150
1375 542 1434 549 —-

434 615 608 680 quoad
667 614 915 678 regiones
963 615 1021 664 in
1072 612 1272 678 quibus
1336 614 1402 664 oli
1451 614 1826 666 admistionem
1873 614 2169 665 infidelium

434 681 519 731 vel
543 680 917 731 haeretis-,orum
945 679 1282 746 gravioribus
1311 679 1568 746 periculis
1593 679 1775 732 fideles
1808 680 2135 744 objiciuntur
2158 697 2171 728 ε

435 746 657 812 proinde
705 746 971 812 episeopis
1005 753 1057 796 et
1103 744 1317 797 vicariis
1383 747 1702 812 Apostolieis
1748 745 2063 810 regionum,
2109 745 2176 797 ad

434 826 566 878 quas
612 814 663 865 S.
703 811 1146 879 Congregationis
1203 812 1269 866 de
1306 814 1648 878 Propaganda
1690 813 1820 865 Fide
1868 811 2174 876 sollicitudo

433 878 760 937 extenditur,
786 878 1049 930 indictum
1075 878 1217 930 haud
1248 879 1413 930 semel
1443 879 1574 939 fuit,
1603 895 1670 933 ne
1713 887 1861 932 extra
1904 877 2177 945 propriam

428 945 725 1004 dioecesim,
757 945 843 996 vel
866 945 1182 997 vicariatum
1203 982 1216 1007 ,
1243 945 1568 1012 pontificalia
1597 946 1759 998 etiam
1801 946 1868 997 de
1903 956 2172 996 consensu

435 1010 853 1064 ordinariorum
877 1018 1180 1064 exerceant.

497 1078 660 1129 Porro
697 1092 821 1131 eum
845 1078 1083 1130 dubitari
1107 1078 1252 1132 haud
1272 1079 1444 1131 valeat
1470 1079 1537 1131 de
1581 1078 1759 1131 studio
1796 1078 2172 1144 episcoporum

434 1144 645 1212 Angliae
666 1143 724 1194 in
760 1144 1075 1210 huJusmodi
1113 1146 1421 1198 residentia}
1442 1145 1561 1211 lege
1587 1147 1871 1206 servanda,
1901 1145 2174 1207 iidemque

433 1210 826 1275 postulaverint
855 1217 916 1263 ut
959 1218 1115 1262 tenor
1160 1213 1361 1278 regulffl
1394 1211 1707 1280 hujusmodi
1731 1211 1789 1262 in
1821 1225 1980 1263 suum
2023 1207 2173 1281 favo-

434 1290 544 1343 rem
596 1277 901 1339 relaxetur,
946 1279 997 1329 S.
1049 1279 1402 1345 Congregatio
1441 1279 1507 1330 de
1552 1279 1895 1344 Propaganda
1926 1275 2074 1336 Fide,
2121 1288 2181 1323 in

433 1343 674 1409 generali
727 1350 998 1397 conventu
1053 1344 1236 1397 habito
1286 1346 1373 1397 die
1428 1347 1458 1395 5
1501 1345 1702 1409 Aprilis
1750 1345 1909 1403 1852,
1976 1345 2177 1392 attento

433 1410 579 1475 quod
623 1409 766 1464 haud
797 1425 917 1464 raro
969 1412 1333 1464 necessarium
1364 1412 1449 1463 vel
1494 1419 1859 1478 opportunum
1891 1408 2179 1460 admodum

432 1475 646 1537 existat,
676 1482 735 1528 ut
775 1476 943 1528 iidem
987 1478 1197 1532 admitti
1220 1478 1428 1543 possint
1450 1479 1515 1529 ad
1540 1477 1861 1542 pontific-alia
1887 1472 2181 1526 exercenda

431 1541 489 1592 in
524 1542 647 1594 aliis
667 1543 876 1608 Angliae
899 1544 1075 1608 ipsius
1097 1544 1440 1604 dioecesihUS,
1472 1545 1761 1610 aliquando
1781 1543 1942 1594 etiam
1968 1541 2026 1591 in
2049 1553 2175 1612 pro-

432 1607 593 1657 ximis
645 1609 971 1676 regionibus·
1001 1610 1275 1663 Hiberniae
1332 1617 1384 1662 et
1421 1612 1645 1671 Scotiae3
1705 1609 1917 1662 censuit
1965 1605 2174 1680 SUPPJI-

434 1674 667 1726 eandum
707 1675 1047 1727 sanctissimo
1072 1691 1168 1741 pro
1198 1677 1526 1728 relaxatione
1552 1683 1857 1728 memoratae
1899 1673 2178 1724 inhibitio-

432 1740 519 1790 nis
553 1740 623 1792 'in
669 1740 910 1793 savorem
956 1741 1333 1808 episcoporum
1377 1743 1584 1809 Angliae
1627 1743 1804 1808 quoad
1870 1741 1970 1791 tria
2015 1751 2180 1803 regna

433 1806 610 1869 unita,
649 1809 707 1859 in
742 1807 944 1874 quibus
970 1809 1197 1874 proinde
1230 1809 1295 1860 de
1320 1823 1589 1861 consensu
1613 1808 2023 1860 ordinariorum
2052 1817 2180 1870 pon-

434 1873 650 1926 tificalia
692 1874 856 1925 iidem
903 1889 1151 1926 exercere
1194 1875 1422 1928 valeant.
1996 1936 2006 1946 ‚
2075 1936 2084 1945 ‚

500 1941 650 1992 Hane
699 1955 827 1993 vero
868 1942 920 1992 S.
970 1941 1410 2007 Congregationis
1463 1941 1784 1994 sententiam
1837 1942 2180 2009 Sanctissimo

435 2006 667 2059 Domino
698 2008 892 2058 Nostro
926 2007 1026 2058 Pio
1068 2009 1222 2074 Papae
1265 2009 1359 2067 IX,
1407 2012 1472 2062 ab
1511 2008 1853 2073 infrascripto
1894 2008 2180 2076 secretario
2212 2053 2215 2059 ,

437 2072 675 2134 relatam,
727 2074 785 2124 in
834 2073 1107 2126 audientia
1160 2072 1269 2125 diei
1310 2077 1341 2125 6
1373 2076 1613 2142 ejusdem
1658 2076 1880 2134 mensiS‚
1930 2077 2174 2128 etatum,

439 2139 699 2192 Sanctitas
743 2141 849 2191 Sua
891 2140 1127 2206 benigne
1166 2141 1439 2214 probavit,
1469 2148 1520 2193 et
1545 2142 1696 2208 juxta
1743 2137 2079 2206 propositum
2106 2140 2183 2186 te-

437 2206 925 2324 npremttsfffultates
947 2212 1239 2260 concessu:
1262 2208 1542 2260 contrariis
1567 2200 2181 2274 quibuscumquejtaud

439 2284 471 2321 o
492 2286 537 2322 is
564 2286 631 2322 an
658 2287 675 2322 1
717 2287 801 2325 uS.
2179 2291 2182 2294 ’

503 2358 696 2408 Datum
713 2395 726 2419 ,
779 2362 878 2410 etc.

709 2493 734 2542 I
818 2494 867 2544 »Β
905 2492 940 2543 S
1315 2426 1363 2477 J.
1389 2425 1484 2476 Pu.
1513 2425 1810 2487 Fnaasom,
1842 2426 2142 2491 proefectus.

1385 2558 1469 2610 Al.
1503 2557 1773 2636 Bauium,
1801 2574 1832 2607 a
1851 2557 2081 2607 secreti&

521 3063 588 3098 m:
627 3063 825 3097 mmm
862 3059 1179 3099 amomon}
1212 3062 1266 3096 rx
1300 3061 1547 3097 aceresia
1584 3058 1810 3094 rnorem
1847 3056 2111 3092 onam-no,

714 3169 1028 3222 Beatissime
1053 3171 1221 3228 Pater,

517 3276 646 3326 Cum
679 3290 797 3326 raro
832 3275 1117 3326 admodum
1148 3273 1204 3324 in
1239 3272 1429 3338 Anglia
1462 3271 1667 3338 possint
1703 3275 1944 3326 canonici
1984 3287 2179 3324 conve-

452 3342 587 3403 nire,
617 3355 911 3408 congruum
939 3346 1115 3393 autem
1145 3339 1387 3392 videatur
1415 3349 1471 3391 ut
1495 3338 1815 3392 distinetiori
1840 3340 2024 3392 habitu
2053 3338 2185 3404 ipsis
