2470 4198
1267 558 1324 571 *ὼ
1351 540 1433 585 164
1462 565 1523 574 —-

495 640 702 686 nentur
724 639 884 701 atque
914 635 1229 701 probentur.
1277 637 1490 688 Etenim
1522 650 1588 687 ex
1639 635 1831 688 iisdem
1874 638 2066 693 litteris
2117 660 2225 698 non

503 700 610 752 levi
636 705 777 752 certe
795 701 1131 766 J'ucunditate
1152 702 1351 753 iterum
1380 702 1754 768 perspeximus
1776 719 1897 769 quae
1917 706 1987 758 sit
2026 710 2222 764 eximia

498 773 588 818 tua
629 771 680 818 et
721 768 1030 819 eorumdem
1065 767 1366 819 antistitum
1414 783 1538 834 erga
1579 770 1685 820 Nos
1711 775 1761 818 et
1785 769 1920 822 hanc
1941 773 2082 824 Petri
2122 777 2220 830 Ca-

492 830 736 883 ?thedram
766 832 952 898 pietaS‚
979 847 1146 894 amor,
1178 839 1229 884 et
1252 834 1608 885 observantia.
1644 833 2020 888 Gratissimum
2044 847 2219 895 autem

494 897 656 950 Nobis
679 898 783 950 fuit
808 913 1147 965 cognoscere,
1176 899 1311 950 nihil
1341 900 1458 961 tibi,
1486 900 1732 975 ipsisque
1758 901 2088 956 antistitibus
2126 922 2220 960 an-

486 963 701 1029 tiquius
722 963 911 1026 fuisse,
936 980 1096 1031 quam
1123 966 1556 1016 concordissimls
1581 966 1777 1017 animis
1812 975 2014 1021 mutuae
2037 972 2212 1024 chari-

492 1031 614 1080 tatis
642 1029 860 1083 vinculo
879 1031 1197 1096 conjunctis,
1241 1046 1300 1083 ac
1328 1045 1537 1083 summa
1561 1046 1711 1093 cura,
1749 1034 1952 1096 studio,
1979 1039 2213 1101 pruden-

487 1095 581 1156 tia,
608 1110 823 1149 omnem
847 1097 1160 1163 impendere
1187 1111 1402 1163 operam
1424 1098 1482 1148 in
1500 1098 1570 1149 iis
1583 1098 1877 1166 praesertim
1898 1106 2212 1167 statuendis,

487 1176 611 1228 quae
632 1163 697 1214 ad
725 1163 979 1279 maiiorem
1008 1163 1130 1215 istic
1153 1164 1250 1215 Dei
1280 1163 1505 1229 gloriam
1527 1165 1962 1230 promovendam,
1985 1168 2209 1236 ejusque

484 1233 680 1280 sanctae
697 1230 798 1281 Ecc
824 1230 950 1281 esiae
971 1243 1184 1281 causam
1206 1231 1498 1291 tutandam,
1538 1231 1603 1282 ad
1628 1231 1757 1282 cleri
1776 1232 2125 1296 sanctitatem,
2155 1246 2208 1291 et

480 1295 784 1346 animarum
837 1296 1063 1347 salutem
1090 1297 1494 1362 procurandam,
1530 1296 1699 1363 magis
1725 1298 2019 1351 conducere
2044 1316 2202 1367 posse

480 1359 712 1427 quisque
740 1367 978 1414 vestrum
1014 1362 1355 1415 existimavit.
1386 1363 1524 1414 Hinc
1562 1363 1759 1424 evenit,
1804 1368 1881 1424 ut,
1918 1367 2029 1417 Deo
2067 1369 2203 1420 bene

470 1425 712 1491 juvante,
741 1429 987 1493 Synodus
1011 1429 1129 1494 ipsa
1151 1428 1469 1495 tranquille,
1497 1429 1617 1490 rite,
1657 1443 1913 1494 prospere
1948 1431 2202 1486 feliciter-

476 1507 583 1557 que
606 1493 772 1544 fuerit
789 1500 1017 1558 peracta,
1045 1500 1095 1546 et
1118 1495 1379 1547 absoluta.
1406 1497 1590 1561 Itaque
1614 1501 1728 1546 tum
1754 1495 1869 1556 tibi,
1906 1497 2098 1563 dilecte
2122 1501 2197 1552 fili

475 1564 675 1620 noster,
714 1565 828 1609 tum
861 1560 1054 1611 iisdem
1084 1561 1485 1612 venerabilibus
1512 1561 1767 1612 fratribus
1804 1561 2068 1628 episcopis
2091 1567 2200 1618 tuis

473 1623 822 1690 suffraganeis
854 1626 918 1676 de
946 1626 1044 1677 hac
1073 1643 1129 1678 re
1153 1627 1496 1677 vehementer
1519 1628 1577 1677 in
1597 1627 1827 1677 Domino
1846 1629 2192 1693 gratulamur,

468 1703 529 1740 ac
562 1691 778 1743 meritas
803 1691 989 1742 laudes
1021 1692 1383 1757 libentissimo
1405 1707 1625 1757 prorsus
1655 1692 1836 1743 animo
1877 1694 2188 1749 deferimus

469 1755 622 1816 Quod
652 1763 830 1808 autem
855 1757 1044 1809 attinet
1068 1760 1132 1809 ad
1165 1758 1403 1823 ejusdem
1428 1759 1627 1823 Synodi
1652 1760 1808 1819 Acta,
1844 1765 1895 1809 et
1919 1762 1980 1811 ad
2018 1763 2189 1814 varias

464 1823 770 1886 petitiones,
799 1825 864 1875 de
890 1824 1090 1888 quibus
1116 1824 1377 1889 loqueriS‚
1399 1838 1512 1875 com
1524 1830 1810 1875 memorata
1847 1832 2027 1878 nostra
2053 1830 2189 1880 Con-

464 1890 701 1954 gregatio
730 1889 880 1940 Fidei
912 1891 1270 1956 propagandae
1304 1888 1588 1956 praeposita
1629 1904 1925 1955 congruum
1972 1894 2036 1944 de
2075 1894 2185 1945 illis

460 1968 784 2019 responsum
823 1955 949 2007 dare
996 1956 1137 2007 haud
1179 1956 1405 2007 omittet.
1462 1956 1686 2006 Interim
1751 1970 1880 2007 vero
1928 1962 2032 2008 tam
2079 1960 2177 2014 tibi

458 2035 620 2086 quam
645 2020 835 2072 iisdem
883 2021 1149 2087 episcopis
1179 2022 1424 2073 addimus
1472 2022 1679 2072 animos
1706 2059 1718 2082 ,
1750 2027 1810 2072 ut
1850 2037 1943 2073 vos
1991 2039 2178 2076 omnes

456 2087 641 2138 divino
667 2086 870 2138 auxilio
892 2087 1033 2148 freti,
1067 2087 1299 2154 pergatis
1324 2088 1520 2154 maj0re
1561 2102 1735 2153 usque
1765 2087 2032 2140 alacritate
2067 2091 2179 2156 epi-

455 2153 666 2218 scopale
682 2158 919 2204 vestrum
941 2153 1300 2205 ministerium
1327 2153 1569 2219 implere,
1600 2159 1650 2205 et
1674 2154 1958 2205 salutarem
1982 2171 2175 2221 urgere

451 2218 775 2269 talentorum
803 2219 1246 2285 negotiationem,
1275 2235 1396 2294 quae
1421 2225 1498 2271 est
1521 2221 1587 2271 de
1642 2220 1922 2271 animabus
1961 2222 2172 2274 Christo

451 2283 741 2344 lucrandiS,
769 2285 1012 2351 nihilque
1034 2300 1272 2352 unquam
1290 2291 1608 2337 intentatum
1631 2285 1958 2350 relinquere,
1984 2302 2092 2352 quo
2115 2289 2172 2339 in

449 2349 568 2401 istis
592 2351 906 2417 regionibus
926 2352 1261 2403 sanctissima
1287 2358 1466 2403 nostra
1489 2351 1681 2417 religio
1716 2351 1959 2415 quotidie
2001 2355 2169 2418 magis

448 2416 641 2482 vigeat,
670 2423 721 2468 et
745 2415 1033 2468 efflorescat
1059 2455 1071 2479 ,
1101 2432 1160 2469 ac
1185 2417 1370 2469 miseri
1395 2423 1648 2477 erranteS,
1698 2416 1939 2468 discussa
1971 2419 2167 2469 mentis

446 2483 691 2548 caligine,
737 2482 1088 2550 depulsisque
1142 2498 1386 2535 errorum
1423 2483 1678 2543 tenebriS,
1726 2482 1966 2534 veritatis
1991 2483 2168 2536 lucem

441 2548 717 2613 aspiciant,
748 2557 798 2599 et
823 2550 887 2600 ad
930 2550 1117 2601 salutis
1143 2565 1202 2601 ac
1229 2549 1451 2615 justitiae
1475 2549 1691 2600 semitas
1716 2548 1953 2600 redeant.
1994 2551 2162 2602 Deni-

440 2629 547 2680 que
573 2630 669 2680 pro
707 2619 848 2665 certo
890 2614 1085 2667 habeas
1109 2616 1355 2676 velimUS,
1401 2615 1722 2682 praecipuam
1765 2629 1882 2664 esse
1931 2617 2164 2668 benevo-

440 2679 679 2742 lentiam,
709 2695 814 2746 qua
849 2686 930 2738 te,
980 2688 1030 2733 et
1073 2682 1205 2734 alios
1244 2682 1451 2748 Angliae
1503 2682 1780 2746 episcopos
1821 2680 1878 2729 in
1930 2683 2159 2734 Domino

435 2747 840 2813 prosequimur.
875 2747 1039 2813 Cujus
1063 2747 1490 2801 {studiosissimae
1522 2751 1718 2798 nostrae
1761 2746 2051 2798 voluntatis
2076 2753 2157 2799 te-

436 2818 601 2874 stem,
631 2818 682 2864 et
705 2812 950 2864 omnium
972 2813 1266 2865 coelestium
1291 2827 1579 2865 munerum
1598 2811 1870 2876 auspicem
1926 2814 2156 2878 Aposto-

434 2878 593 2929 licam
629 2878 1057 2930 benedictionem
1083 2895 1147 2930 ex
1171 2879 1363 2930 intimo
1387 2880 1543 2931 corde
1565 2877 1874 2944 profectam,
1903 2878 2001 2929 tibi
2027 2879 2151 2944 ipsi,

435 2944 627 2997 dilecte
648 2945 724 2995 fili
750 2950 947 3006 noster,
973 2951 1129 3011 atque
1149 2945 1343 2996 iisdem
1367 2944 1649 3011 episcopis,
1673 2943 1985 3008 cunctisque
2029 2945 2154 2996 ista-

431 3018 556 3062 ‘rum
583 3010 943 3062 Ecclesiarum
966 3011 1192 3072 clericiS,
1215 3011 1474 3078 laicisque
1514 3009 1761 3062 fidelibus
1816 3017 2157 3073 peramanter

431 3078 797 3143 impertimur.

492 3163 686 3211 Datum
711 3162 891 3211 Romae
917 3162 1057 3226 apud
1080 3162 1130 3212 S.
1175 3163 1389 3212 Petrum
1435 3160 1521 3211 die
1567 3176 1606 3208 11
1649 3159 1958 3210 Decembris
1999 3174 2141 3211 anno

425 3242 686 3289 inuocem,
713 3225 1054 3293 pontificatus
1082 3228 1250 3278 nostri
1275 3241 1415 3278 anno
1439 3225 1687 3291 septimo,

1503 3328 1624 3377 Plus
1661 3327 1756 3378 ΡΡ.
1785 3329 1876 3379 IX.
