<?xml version="1.0" encoding="UTF-8"?>
<!DOCTYPE html PUBLIC "-//W3C//DTD XHTML 1.0 Transitional//EN"
    "http://www.w3.org/TR/xhtml1/DTD/xhtml1-transitional.dtd">
<html xmlns="http://www.w3.org/1999/xhtml" xml:lang="en" lang="en">
 <head>
  <title>
</title>
<meta http-equiv="Content-Type" content="text/html;charset=utf-8" />
  <meta name='ocr-system' content='tesseract 3.04.00' />
  <meta name='ocr-capabilities' content='ocr_page ocr_carea ocr_par ocr_line ocrx_word'/>
</head>
<body>
  <div class='ocr_page' id='page_1' title='image "a613739300cathuoft_0079.png"; bbox 0 0 2470 4198; ppageno 0'>
   <div class='ocr_carea' id='block_1_1' title="bbox 1064 595 1299 637">
    <p class='ocr_par' dir='ltr' id='par_1_1' title="bbox 1064 595 1299 637">
     <span class='ocr_line' id='line_1_1' title="bbox 1064 595 1299 637; baseline 0.004 -10"><span class='ocrx_word' id='word_1_1' title='bbox 1064 595 1299 637; x_wconf 64' lang='lat'><strong>—75—</strong></span> 
     </span>
    </p>
   </div>
   <div class='ocr_carea' id='block_1_2' title="bbox 292 693 2052 1182">
    <p class='ocr_par' dir='ltr' id='par_1_2' title="bbox 292 693 2052 1182">
     <span class='ocr_line' id='line_1_2' title="bbox 357 693 2050 761; baseline -0.001 -14"><span class='ocrx_word' id='word_1_2' title='bbox 357 700 406 748; x_wconf 74' lang='lat'>6⁰</span> <span class='ocrx_word' id='word_1_3' title='bbox 426 696 602 747; x_wconf 84' lang='lat' dir='ltr'>Sciant</span> <span class='ocrx_word' id='word_1_4' title='bbox 623 699 803 746; x_wconf 86' lang='lat' dir='ltr'>autem</span> <span class='ocrx_word' id='word_1_5' title='bbox 826 694 884 754; x_wconf 90' lang='lat' dir='ltr'>ii,</span> <span class='ocrx_word' id='word_1_6' title='bbox 903 694 999 760; x_wconf 85' lang='lat' dir='ltr'>qui</span> <span class='ocrx_word' id='word_1_7' title='bbox 1023 693 1178 744; x_wconf 87' lang='lat' dir='ltr'>titulo</span> <span class='ocrx_word' id='word_1_8' title='bbox 1198 693 1283 744; x_wconf 87' lang='lat' dir='ltr'>sui</span> <span class='ocrx_word' id='word_1_9' title='bbox 1301 694 1613 760; x_wconf 72' lang='lat' dir='ltr'>patrimonii</span> <span class='ocrx_word' id='word_1_10' title='bbox 1635 700 2050 761; x_wconf 75' lang='lat' dir='ltr'><strong>promoventur,</strong></span> 
     </span>
     <span class='ocr_line' id='line_1_3' title="bbox 295 778 2049 845; baseline 0.001 -13"><span class='ocrx_word' id='word_1_11' title='bbox 295 783 400 834; x_wconf 80' lang='lat' dir='ltr'>sibi</span> <span class='ocrx_word' id='word_1_12' title='bbox 436 797 543 833; x_wconf 87' lang='lat' dir='ltr'>non</span> <span class='ocrx_word' id='word_1_13' title='bbox 570 795 687 833; x_wconf 88' lang='lat' dir='ltr'>esse</span> <span class='ocrx_word' id='word_1_14' title='bbox 716 780 947 831; x_wconf 82' lang='lat' dir='ltr'>liberum</span> <span class='ocrx_word' id='word_1_15' title='bbox 976 793 1004 829; x_wconf 91' lang='lat' dir='ltr'>a</span> <span class='ocrx_word' id='word_1_16' title='bbox 1029 779 1247 845; x_wconf 87' lang='lat' dir='ltr'>propria</span> <span class='ocrx_word' id='word_1_17' title='bbox 1273 778 1491 832; x_wconf 82' lang='lat' dir='ltr'>dioecesi</span> <span class='ocrx_word' id='word_1_18' title='bbox 1516 781 1815 844; x_wconf 79' lang='lat' dir='ltr'>discedere,</span> <span class='ocrx_word' id='word_1_19' title='bbox 1843 783 1952 834; x_wconf 91' lang='lat' dir='ltr'>nisi</span> <span class='ocrx_word' id='word_1_20' title='bbox 1982 783 2049 834; x_wconf 89' lang='lat' dir='ltr'>dc</span> 
     </span>
     <span class='ocr_line' id='line_1_4' title="bbox 295 863 2052 935; baseline 0 -17"><span class='ocrx_word' id='word_1_21' title='bbox 295 866 535 934; x_wconf 80' lang='lat' dir='ltr'>episcopi</span> <span class='ocrx_word' id='word_1_22' title='bbox 563 878 851 924; x_wconf 86' lang='lat' dir='ltr'>consensu,</span> <span class='ocrx_word' id='word_1_23' title='bbox 880 863 967 916; x_wconf 89' lang='lat' dir='ltr'>cui</span> <span class='ocrx_word' id='word_1_24' title='bbox 994 865 1354 916; x_wconf 87' lang='lat' dir='ltr'>reverentiam</span> <span class='ocrx_word' id='word_1_25' title='bbox 1383 873 1434 918; x_wconf 89' lang='lat' dir='ltr'>et</span> <span class='ocrx_word' id='word_1_26' title='bbox 1460 867 1827 920; x_wconf 81' lang='lat' dir='ltr'>obedientiam</span> <span class='ocrx_word' id='word_1_27' title='bbox 1851 869 1909 920; x_wconf 91' lang='lat' dir='ltr'>in</span> <span class='ocrx_word' id='word_1_28' title='bbox 1934 868 2052 935; x_wconf 80' lang='lat' dir='ltr'>ipsa·</span> 
     </span>
     <span class='ocr_line' id='line_1_5' title="bbox 295 947 2046 1017; baseline 0.002 -17"><span class='ocrx_word' id='word_1_29' title='bbox 295 948 632 1001; x_wconf 88' lang='lat' dir='ltr'>ordinatione</span> <span class='ocrx_word' id='word_1_30' title='bbox 651 947 1034 1014; x_wconf 88' lang='lat' dir='ltr'>promiserunt.</span> <span class='ocrx_word' id='word_1_31' title='bbox 1061 951 1287 1015; x_wconf 84' lang='lat' dir='ltr'>«Neque</span> <span class='ocrx_word' id='word_1_32' title='bbox 1309 950 1475 1012; x_wconf 89' lang='lat' dir='ltr'>enim,</span> <span class='ocrx_word' id='word_1_33' title='bbox 1500 971 1524 998; x_wconf 90' lang='lat'>»</span> <span class='ocrx_word' id='word_1_34' title='bbox 1547 950 1728 1017; x_wconf 85' lang='lat' dir='ltr'>inquit</span> <span class='ocrx_word' id='word_1_35' title='bbox 1746 953 1876 1004; x_wconf 87' lang='lat' dir='ltr'>Ben.</span> <span class='ocrx_word' id='word_1_36' title='bbox 1901 954 2046 1004; x_wconf 86' lang='lat' dir='ltr'>XIV.</span> 
     </span>
     <span class='ocr_line' id='line_1_6' title="bbox 297 1032 2050 1104; baseline 0.002 -18"><span class='ocrx_word' id='word_1_37' title='bbox 297 1036 497 1096; x_wconf 85' lang='lat' dir='ltr'>(Const.</span> <span class='ocrx_word' id='word_1_38' title='bbox 530 1049 641 1084; x_wconf 82' lang='lat' dir='ltr'>xxv</span> <span class='ocrx_word' id='word_1_39' title='bbox 667 1070 681 1093; x_wconf 92' lang='lat'>‚</span> <span class='ocrx_word' id='word_1_40' title='bbox 708 1033 796 1082; x_wconf 79' lang='lat' dir='ltr'>Ex</span> <span class='ocrx_word' id='word_1_41' title='bbox 822 1048 923 1099; x_wconf 81' lang='lat' dir='ltr'>quo</span> <span class='ocrx_word' id='word_1_42' title='bbox 967 1032 1230 1101; x_wconf 80' lang='lat' dir='ltr'>dilectus),</span> <span class='ocrx_word' id='word_1_43' title='bbox 1274 1048 1418 1086; x_wconf 91' lang='lat' dir='ltr'>«nos</span> <span class='ocrx_word' id='word_1_44' title='bbox 1447 1049 1544 1101; x_wconf 88' lang='lat' dir='ltr'>pro</span> <span class='ocrx_word' id='word_1_45' title='bbox 1595 1050 1745 1088; x_wconf 89' lang='lat' dir='ltr'>mera</span> <span class='ocrx_word' id='word_1_46' title='bbox 1787 1037 2050 1104; x_wconf 89' lang='lat' dir='ltr'>inanique</span> 
     </span>
     <span class='ocr_line' id='line_1_7' title="bbox 292 1116 2045 1182; baseline 0.004 -15"><span class='ocrx_word' id='word_1_47' title='bbox 292 1117 524 1170; x_wconf 80' lang='lat' dir='ltr'>formula</span> <span class='ocrx_word' id='word_1_48' title='bbox 562 1116 861 1169; x_wconf 79' lang='lat' dir='ltr'>habendam</span> <span class='ocrx_word' id='word_1_49' title='bbox 904 1130 1021 1166; x_wconf 82' lang='lat' dir='ltr'>esse</span> <span class='ocrx_word' id='word_1_50' title='bbox 1063 1123 1316 1182; x_wconf 89' lang='lat' dir='ltr'>putamus</span> <span class='ocrx_word' id='word_1_51' title='bbox 1357 1117 1656 1169; x_wconf 86' lang='lat' dir='ltr'>solemnem</span> <span class='ocrx_word' id='word_1_52' title='bbox 1715 1119 1863 1172; x_wconf 88' lang='lat' dir='ltr'>illam</span> <span class='ocrx_word' id='word_1_53' title='bbox 1911 1123 2045 1174; x_wconf 80' lang='lat' dir='ltr'>obe-</span> 
     </span>
    </p>
   </div>
   <div class='ocr_carea' id='block_1_3' title="bbox 292 1201 2053 1611">
    <p class='ocr_par' dir='ltr' id='par_1_3' title="bbox 292 1201 2053 1611">
     <span class='ocr_line' id='line_1_8' title="bbox 294 1201 2053 1269; baseline 0.002 -13"><span class='ocrx_word' id='word_1_54' title='bbox 294 1204 511 1256; x_wconf 77' lang='lat' dir='ltr'>dientiae</span> <span class='ocrx_word' id='word_1_55' title='bbox 538 1209 588 1255; x_wconf 90' lang='lat' dir='ltr'>et</span> <span class='ocrx_word' id='word_1_56' title='bbox 622 1201 939 1254; x_wconf 80' lang='lat' dir='ltr'>reverentiae</span> <span class='ocrx_word' id='word_1_57' title='bbox 963 1202 1312 1266; x_wconf 86' lang='lat' dir='ltr'>sponsionem</span> <span class='ocrx_word' id='word_1_58' title='bbox 1323 1241 1490 1254; x_wconf 91' lang='grc'><strong>.....</strong></span> <span class='ocrx_word' id='word_1_59' title='bbox 1522 1203 1774 1269; x_wconf 89' lang='lat' dir='ltr'>quinimo</span> <span class='ocrx_word' id='word_1_60' title='bbox 1817 1206 2053 1259; x_wconf 83' lang='lat' dir='ltr'>libenter</span> 
     </span>
     <span class='ocr_line' id='line_1_9' title="bbox 303 1285 2050 1357; baseline 0.001 -16"><span class='ocrx_word' id='word_1_61' title='bbox 303 1289 646 1356; x_wconf 80' lang='lat' dir='ltr'>agnoscimus</span> <span class='ocrx_word' id='word_1_62' title='bbox 685 1287 1065 1355; x_wconf 82' lang='lat' dir='ltr'>presbyterum</span> <span class='ocrx_word' id='word_1_63' title='bbox 1107 1285 1270 1353; x_wconf 90' lang='lat' dir='ltr'>hujus</span> <span class='ocrx_word' id='word_1_64' title='bbox 1313 1286 1697 1357; x_wconf 84' lang='lat' dir='ltr'>promissionis</span> <span class='ocrx_word' id='word_1_65' title='bbox 1721 1289 1942 1355; x_wconf 83' lang='lat' dir='ltr'>vigore,</span> <span class='ocrx_word' id='word_1_66' title='bbox 1991 1307 2050 1343; x_wconf 85' lang='lat' dir='ltr'>ea</span> 
     </span>
     <span class='ocr_line' id='line_1_10' title="bbox 292 1370 2048 1442; baseline 0.001 -16"><span class='ocrx_word' id='word_1_67' title='bbox 292 1374 411 1442; x_wconf 87' lang='lat' dir='ltr'>lege</span> <span class='ocrx_word' id='word_1_68' title='bbox 445 1374 586 1425; x_wconf 90' lang='lat' dir='ltr'>inter</span> <span class='ocrx_word' id='word_1_69' title='bbox 607 1373 739 1426; x_wconf 86' lang='lat' dir='ltr'>alias</span> <span class='ocrx_word' id='word_1_70' title='bbox 760 1371 1075 1425; x_wconf 87' lang='lat' dir='ltr'>adstrictum</span> <span class='ocrx_word' id='word_1_71' title='bbox 1108 1370 1300 1431; x_wconf 90' lang='lat' dir='ltr'>teneri,</span> <span class='ocrx_word' id='word_1_72' title='bbox 1338 1376 1399 1422; x_wconf 91' lang='lat' dir='ltr'>ut</span> <span class='ocrx_word' id='word_1_73' title='bbox 1430 1385 1459 1422; x_wconf 87' lang='lat' dir='ltr'>a</span> <span class='ocrx_word' id='word_1_74' title='bbox 1496 1371 1720 1425; x_wconf 89' lang='lat' dir='ltr'>servitio</span> <span class='ocrx_word' id='word_1_75' title='bbox 1761 1372 2048 1434; x_wconf 70' lang='lat' dir='ltr'>Ecclesiae,</span> 
     </span>
     <span class='ocr_line' id='line_1_11' title="bbox 294 1455 2047 1527; baseline 0 -16"><span class='ocrx_word' id='word_1_76' title='bbox 294 1460 382 1511; x_wconf 87' lang='lat' dir='ltr'>cui</span> <span class='ocrx_word' id='word_1_77' title='bbox 431 1460 488 1510; x_wconf 92' lang='lat' dir='ltr'>in</span> <span class='ocrx_word' id='word_1_78' title='bbox 534 1458 874 1510; x_wconf 83' lang='lat' dir='ltr'>ordinatione</span> <span class='ocrx_word' id='word_1_79' title='bbox 918 1457 1162 1510; x_wconf 89' lang='lat' dir='ltr'>addictus</span> <span class='ocrx_word' id='word_1_80' title='bbox 1222 1455 1419 1519; x_wconf 88' lang='lat' dir='ltr'>fuerit,</span> <span class='ocrx_word' id='word_1_81' title='bbox 1469 1458 1750 1512; x_wconf 88' lang='lat' dir='ltr'>discedere</span> <span class='ocrx_word' id='word_1_82' title='bbox 1811 1468 2047 1527; x_wconf 80' lang='lat' dir='ltr'>nequeat</span> 
     </span>
     <span class='ocr_line' id='line_1_12' title="bbox 292 1542 1047 1611; baseline -0.011 -13"><span class='ocrx_word' id='word_1_83' title='bbox 292 1547 495 1611; x_wconf 79' lang='lat' dir='ltr'>absque</span> <span class='ocrx_word' id='word_1_84' title='bbox 515 1542 736 1594; x_wconf 82' lang='lat' dir='ltr'>licentia</span> <span class='ocrx_word' id='word_1_85' title='bbox 760 1543 1000 1610; x_wconf 88' lang='lat' dir='ltr'>episcopi</span> <span class='ocrx_word' id='word_1_86' title='bbox 1024 1562 1047 1590; x_wconf 90' lang='lat'>»</span> 
     </span>
    </p>
   </div>
   <div class='ocr_carea' id='block_1_4' title="bbox 651 1662 1681 1715">
    <p class='ocr_par' dir='ltr' id='par_1_4' title="bbox 651 1662 1681 1715">
     <span class='ocr_line' id='line_1_13' title="bbox 651 1662 1681 1715; baseline 0.003 -3"><span class='ocrx_word' id='word_1_87' title='bbox 651 1662 826 1714; x_wconf 86' lang='lat' dir='ltr'><strong><em>XXII.</em></strong></span> <span class='ocrx_word' id='word_1_88' title='bbox 866 1663 941 1712; x_wconf 88' lang='lat' dir='ltr'>De</span> <span class='ocrx_word' id='word_1_89' title='bbox 964 1671 1288 1714; x_wconf 76' lang='lat' dir='ltr'>sacramento</span> <span class='ocrx_word' id='word_1_90' title='bbox 1333 1665 1681 1715; x_wconf 78' lang='lat' dir='ltr'>matrimonii.</span> 
     </span>
    </p>
   </div>
   <div class='ocr_carea' id='block_1_5' title="bbox 280 1786 2050 3467">
    <p class='ocr_par' dir='ltr' id='par_1_5' title="bbox 286 1786 2050 2436">
     <span class='ocr_line' id='line_1_14' title="bbox 354 1786 2049 1859; baseline -0.001 -15"><span class='ocrx_word' id='word_1_91' title='bbox 354 1794 458 1844; x_wconf 84' lang='lat' dir='ltr'>Vix</span> <span class='ocrx_word' id='word_1_92' title='bbox 487 1791 634 1844; x_wconf 87' lang='lat' dir='ltr'>aliud</span> <span class='ocrx_word' id='word_1_93' title='bbox 673 1797 752 1842; x_wconf 88' lang='lat' dir='ltr'>est</span> <span class='ocrx_word' id='word_1_94' title='bbox 790 1786 1044 1841; x_wconf 81' lang='lat' dir='ltr'>Ecclesiae</span> <span class='ocrx_word' id='word_1_95' title='bbox 1070 1794 1484 1849; x_wconf 89' lang='lat' dir='ltr'>sacramentum,</span> <span class='ocrx_word' id='word_1_96' title='bbox 1514 1789 1653 1843; x_wconf 89' lang='lat' dir='ltr'>circa</span> <span class='ocrx_word' id='word_1_97' title='bbox 1690 1792 1843 1859; x_wconf 88' lang='lat' dir='ltr'>cujus</span> <span class='ocrx_word' id='word_1_98' title='bbox 1871 1793 2049 1845; x_wconf 82' lang='lat' dir='ltr'>admi-</span> 
     </span>
     <span class='ocr_line' id='line_1_15' title="bbox 291 1869 2043 1940; baseline -0.001 -8"><span class='ocrx_word' id='word_1_99' title='bbox 291 1878 668 1932; x_wconf 87' lang='lat' dir='ltr'>nistrationem</span> <span class='ocrx_word' id='word_1_100' title='bbox 711 1869 820 1927; x_wconf 86' lang='lat' dir='ltr'>tam</span> <span class='ocrx_word' id='word_1_101' title='bbox 858 1886 1046 1940; x_wconf 85' lang='lat' dir='ltr'>graves</span> <span class='ocrx_word' id='word_1_102' title='bbox 1097 1870 1383 1938; x_wconf 85' lang='lat' dir='ltr'>insurgere</span> <span class='ocrx_word' id='word_1_103' title='bbox 1426 1875 1641 1940; x_wconf 88' lang='lat' dir='ltr'>possint</span> <span class='ocrx_word' id='word_1_104' title='bbox 1674 1877 2043 1938; x_wconf 85' lang='lat' dir='ltr'>difficultates,</span> 
     </span>
     <span class='ocr_line' id='line_1_16' title="bbox 287 1953 2045 2031; baseline -0.001 -16"><span class='ocrx_word' id='word_1_105' title='bbox 287 1964 344 2016; x_wconf 88' lang='lat' dir='ltr'>in</span> <span class='ocrx_word' id='word_1_106' title='bbox 376 1963 600 2031; x_wconf 84' lang='lat' dir='ltr'>regione</span> <span class='ocrx_word' id='word_1_107' title='bbox 625 1957 928 2027; x_wconf 81' lang='lat' dir='ltr'>praesertim</span> <span class='ocrx_word' id='word_1_108' title='bbox 967 1955 1063 2008; x_wconf 83' lang='lat' dir='ltr'>ubi</span> <span class='ocrx_word' id='word_1_109' title='bbox 1097 1955 1244 2023; x_wconf 85' lang='lat' dir='ltr'>leges</span> <span class='ocrx_word' id='word_1_110' title='bbox 1270 1953 1842 2013; x_wconf 75' lang='lat' dir='ltr'>civiles&#39;matrimonia</span> <span class='ocrx_word' id='word_1_111' title='bbox 1879 1963 1939 2013; x_wconf 91' lang='lat' dir='ltr'>in</span> <span class='ocrx_word' id='word_1_112' title='bbox 1963 1962 2045 2015; x_wconf 85' lang='lat' dir='ltr'>fa-</span> 
     </span>
     <span class='ocr_line' id='line_1_17' title="bbox 291 2035 2045 2104; baseline -0.002 -3"><span class='ocrx_word' id='word_1_113' title='bbox 291 2050 373 2101; x_wconf 90' lang='lat' dir='ltr'>cie</span> <span class='ocrx_word' id='word_1_114' title='bbox 420 2046 676 2100; x_wconf 81' lang='lat' dir='ltr'>Ecclesiae</span> <span class='ocrx_word' id='word_1_115' title='bbox 705 2047 971 2097; x_wconf 85' lang='lat' dir='ltr'>contracta</span> <span class='ocrx_word' id='word_1_116' title='bbox 994 2056 1105 2094; x_wconf 91' lang='lat' dir='ltr'>non</span> <span class='ocrx_word' id='word_1_117' title='bbox 1129 2035 1442 2104; x_wconf 81' lang='lat' dir='ltr'>admittunt,</span> <span class='ocrx_word' id='word_1_118' title='bbox 1472 2049 1523 2095; x_wconf 86' lang='lat' dir='ltr'>et</span> <span class='ocrx_word' id='word_1_119' title='bbox 1547 2045 1644 2097; x_wconf 84' lang='lat' dir='ltr'>ubi</span> <span class='ocrx_word' id='word_1_120' title='bbox 1686 2060 1809 2098; x_wconf 91' lang='lat' dir='ltr'>cum</span> <span class='ocrx_word' id='word_1_121' title='bbox 1835 2047 2045 2099; x_wconf 89' lang='lat' dir='ltr'>acatho-</span> 
     </span>
     <span class='ocr_line' id='line_1_18' title="bbox 289 2127 2050 2196; baseline -0.002 -13"><span class='ocrx_word' id='word_1_122' title='bbox 289 2132 409 2184; x_wconf 89' lang='lat' dir='ltr'>licis</span> <span class='ocrx_word' id='word_1_123' title='bbox 432 2131 617 2183; x_wconf 85' lang='lat' dir='ltr'>fideles</span> <span class='ocrx_word' id='word_1_124' title='bbox 636 2127 901 2196; x_wconf 73' lang='lat' dir='ltr'>‘permixti</span> <span class='ocrx_word' id='word_1_125' title='bbox 927 2127 1139 2179; x_wconf 75' lang='lat' dir='ltr'>vivunt.</span> <span class='ocrx_word' id='word_1_126' title='bbox 1163 2127 1383 2179; x_wconf 88' lang='lat' dir='ltr'>Summa</span> <span class='ocrx_word' id='word_1_127' title='bbox 1415 2127 1586 2194; x_wconf 88' lang='lat' dir='ltr'>igitur</span> <span class='ocrx_word' id='word_1_128' title='bbox 1610 2144 1733 2180; x_wconf 89' lang='lat' dir='ltr'>cum</span> <span class='ocrx_word' id='word_1_129' title='bbox 1758 2130 2050 2196; x_wconf 90' lang='lat' dir='ltr'>prudentia</span> 
     </span>
     <span class='ocr_line' id='line_1_19' title="bbox 286 2212 2044 2283; baseline -0.001 -16"><span class='ocrx_word' id='word_1_130' title='bbox 286 2216 557 2283; x_wconf 85' lang='lat' dir='ltr'>agendum</span> <span class='ocrx_word' id='word_1_131' title='bbox 589 2219 669 2266; x_wconf 89' lang='lat' dir='ltr'>est</span> <span class='ocrx_word' id='word_1_132' title='bbox 692 2229 720 2266; x_wconf 88' lang='lat' dir='ltr'>a</span> <span class='ocrx_word' id='word_1_133' title='bbox 748 2212 1122 2266; x_wconf 86' lang='lat' dir='ltr'>sacerdotibus</span> <span class='ocrx_word' id='word_1_134' title='bbox 1145 2227 1329 2264; x_wconf 90' lang='lat' dir='ltr'>curam</span> <span class='ocrx_word' id='word_1_135' title='bbox 1350 2213 1658 2266; x_wconf 86' lang='lat' dir='ltr'>animarum</span> <span class='ocrx_word' id='word_1_136' title='bbox 1688 2213 2044 2276; x_wconf 83' lang='lat' dir='ltr'>habentibuS‚</span> 
     </span>
     <span class='ocr_line' id='line_1_20' title="bbox 286 2296 2046 2366; baseline -0.001 -15"><span class='ocrx_word' id='word_1_137' title='bbox 286 2299 344 2351; x_wconf 91' lang='lat' dir='ltr'>in</span> <span class='ocrx_word' id='word_1_138' title='bbox 392 2299 461 2350; x_wconf 89' lang='lat' dir='ltr'>iis</span> <span class='ocrx_word' id='word_1_139' title='bbox 519 2314 641 2366; x_wconf 78' lang='lat' dir='ltr'>quae</span> <span class='ocrx_word' id='word_1_140' title='bbox 685 2296 851 2363; x_wconf 82' lang='lat' dir='ltr'>hujus</span> <span class='ocrx_word' id='word_1_141' title='bbox 909 2298 1239 2349; x_wconf 87' lang='lat' dir='ltr'>Sacramenti</span> <span class='ocrx_word' id='word_1_142' title='bbox 1291 2296 1821 2350; x_wconf 76' lang='lat' dir='ltr'>administrationem</span> <span class='ocrx_word' id='word_1_143' title='bbox 1867 2299 2046 2366; x_wconf 88' lang='lat' dir='ltr'>respi-</span> 
     </span>
     <span class='ocr_line' id='line_1_21' title="bbox 287 2385 456 2436; baseline 0 -1"><span class='ocrx_word' id='word_1_144' title='bbox 287 2385 456 2436; x_wconf 87' lang='lat' dir='ltr'>ciunt.</span> 
     </span>
    </p>

    <p class='ocr_par' dir='ltr' id='par_1_6' title="bbox 284 2467 2049 2945">
     <span class='ocr_line' id='line_1_22' title="bbox 355 2467 2045 2535; baseline 0 -15"><span class='ocrx_word' id='word_1_145' title='bbox 355 2471 402 2520; x_wconf 79' lang='lat'>1⁰</span> <span class='ocrx_word' id='word_1_146' title='bbox 426 2470 683 2522; x_wconf 89' lang='lat' dir='ltr'>Moneant</span> <span class='ocrx_word' id='word_1_147' title='bbox 705 2468 1025 2535; x_wconf 80' lang='lat' dir='ltr'>frequenter</span> <span class='ocrx_word' id='word_1_148' title='bbox 1049 2467 1154 2519; x_wconf 87' lang='lat' dir='ltr'>sibi</span> <span class='ocrx_word' id='word_1_149' title='bbox 1198 2467 1447 2525; x_wconf 88' lang='lat' dir='ltr'>subditos</span> <span class='ocrx_word' id='word_1_150' title='bbox 1482 2467 1547 2519; x_wconf 92' lang='lat' dir='ltr'>de</span> <span class='ocrx_word' id='word_1_151' title='bbox 1579 2467 1696 2535; x_wconf 87' lang='lat' dir='ltr'>ejus</span> <span class='ocrx_word' id='word_1_152' title='bbox 1734 2468 2045 2530; x_wconf 85' lang='lat' dir='ltr'>sanctitate,</span> 
     </span>
     <span class='ocr_line' id='line_1_23' title="bbox 288 2548 2045 2620; baseline 0.001 -17"><span class='ocrx_word' id='word_1_153' title='bbox 288 2556 473 2618; x_wconf 86' lang='lat' dir='ltr'>utpote</span> <span class='ocrx_word' id='word_1_154' title='bbox 498 2567 528 2603; x_wconf 89' lang='lat' dir='ltr'>a</span> <span class='ocrx_word' id='word_1_155' title='bbox 567 2552 801 2605; x_wconf 89' lang='lat' dir='ltr'>Domino</span> <span class='ocrx_word' id='word_1_156' title='bbox 840 2555 1032 2605; x_wconf 88' lang='lat' dir='ltr'>Nostro</span> <span class='ocrx_word' id='word_1_157' title='bbox 1056 2548 1188 2605; x_wconf 86' lang='lat' dir='ltr'>Jesu</span> <span class='ocrx_word' id='word_1_158' title='bbox 1221 2551 1439 2604; x_wconf 89' lang='lat' dir='ltr'>Christo</span> <span class='ocrx_word' id='word_1_159' title='bbox 1480 2550 1754 2614; x_wconf 89' lang='lat' dir='ltr'>instituti,</span> <span class='ocrx_word' id='word_1_160' title='bbox 1785 2558 1836 2603; x_wconf 92' lang='lat' dir='ltr'>et</span> <span class='ocrx_word' id='word_1_161' title='bbox 1866 2553 2045 2620; x_wconf 88' lang='lat' dir='ltr'>primo</span> 
     </span>
     <span class='ocr_line' id='line_1_24' title="bbox 288 2636 2041 2711; baseline 0.002 -24"><span class='ocrx_word' id='word_1_162' title='bbox 288 2637 462 2703; x_wconf 86' lang='lat' dir='ltr'>ipsius</span> <span class='ocrx_word' id='word_1_163' title='bbox 486 2636 748 2689; x_wconf 86' lang='lat' dir='ltr'>miraculo</span> <span class='ocrx_word' id='word_1_164' title='bbox 775 2637 1130 2690; x_wconf 81' lang='lat' dir='ltr'>cohonestati.</span> <span class='ocrx_word' id='word_1_165' title='bbox 1159 2636 1378 2711; x_wconf 87' lang='lat' dir='ltr'>Faciant</span> <span class='ocrx_word' id='word_1_166' title='bbox 1402 2641 1463 2688; x_wconf 92' lang='lat' dir='ltr'>ut</span> <span class='ocrx_word' id='word_1_167' title='bbox 1494 2636 1819 2691; x_wconf 84' lang='lat' dir='ltr'>abhorreant</span> <span class='ocrx_word' id='word_1_168' title='bbox 1842 2654 1873 2691; x_wconf 90' lang='lat' dir='ltr'>a</span> <span class='ocrx_word' id='word_1_169' title='bbox 1897 2655 2041 2707; x_wconf 92' lang='lat' dir='ltr'>nup-</span> 
     </span>
     <span class='ocr_line' id='line_1_25' title="bbox 284 2717 2042 2790; baseline 0.003 -20"><span class='ocrx_word' id='word_1_170' title='bbox 284 2720 375 2771; x_wconf 89' lang='lat' dir='ltr'>tiis</span> <span class='ocrx_word' id='word_1_171' title='bbox 399 2721 532 2772; x_wconf 86' lang='lat' dir='ltr'>alias</span> <span class='ocrx_word' id='word_1_172' title='bbox 562 2735 727 2789; x_wconf 89' lang='lat' dir='ltr'>quam</span> <span class='ocrx_word' id='word_1_173' title='bbox 755 2722 864 2773; x_wconf 87' lang='lat' dir='ltr'>ritu</span> <span class='ocrx_word' id='word_1_174' title='bbox 888 2720 1155 2773; x_wconf 84' lang='lat' dir='ltr'>catholico</span> <span class='ocrx_word' id='word_1_175' title='bbox 1174 2717 1366 2783; x_wconf 61' lang='lat' dir='ltr'>initis}</span> <span class='ocrx_word' id='word_1_176' title='bbox 1394 2721 1700 2788; x_wconf 78' lang='lat' dir='ltr'>acriterque</span> <span class='ocrx_word' id='word_1_177' title='bbox 1727 2737 1820 2774; x_wconf 92' lang='lat' dir='ltr'>eos</span> <span class='ocrx_word' id='word_1_178' title='bbox 1852 2739 2042 2790; x_wconf 90' lang='lat' dir='ltr'>repre-</span> 
     </span>
     <span class='ocr_line' id='line_1_26' title="bbox 288 2806 2049 2875; baseline 0.002 -18"><span class='ocrx_word' id='word_1_179' title='bbox 288 2806 522 2859; x_wconf 86' lang='lat' dir='ltr'>hendant</span> <span class='ocrx_word' id='word_1_180' title='bbox 558 2807 654 2874; x_wconf 90' lang='lat' dir='ltr'>qui</span> <span class='ocrx_word' id='word_1_181' title='bbox 689 2807 746 2860; x_wconf 94' lang='lat' dir='ltr'>in</span> <span class='ocrx_word' id='word_1_182' title='bbox 785 2807 987 2875; x_wconf 90' lang='lat' dir='ltr'>templo</span> <span class='ocrx_word' id='word_1_183' title='bbox 1020 2806 1407 2874; x_wconf 78' lang='lat' dir='ltr'>protestantIco</span> <span class='ocrx_word' id='word_1_184' title='bbox 1462 2807 1873 2859; x_wconf 88' lang='lat' dir='ltr'>matrimonium</span> <span class='ocrx_word' id='word_1_185' title='bbox 1922 2823 2049 2860; x_wconf 88' lang='lat' dir='ltr'>con-</span> 
     </span>
     <span class='ocr_line' id='line_1_27' title="bbox 286 2886 522 2945; baseline 0.004 -2"><span class='ocrx_word' id='word_1_186' title='bbox 286 2886 522 2945; x_wconf 84' lang='lat' dir='ltr'>trahunt.</span> 
     </span>
    </p>

    <p class='ocr_par' dir='ltr' id='par_1_7' title="bbox 280 2975 2044 3284">
     <span class='ocr_line' id='line_1_28' title="bbox 350 2975 2042 3044; baseline 0.001 -18"><span class='ocrx_word' id='word_1_187' title='bbox 350 2978 400 3026; x_wconf 76' lang='lat'>2⁰</span> <span class='ocrx_word' id='word_1_188' title='bbox 438 2976 707 3029; x_wconf 87' lang='lat' dir='ltr'>Servanda</span> <span class='ocrx_word' id='word_1_189' title='bbox 738 2977 824 3030; x_wconf 77' lang='lat' dir='ltr'>lex</span> <span class='ocrx_word' id='word_1_190' title='bbox 848 2977 1083 3030; x_wconf 83' lang='lat' dir='ltr'>faciendi</span> <span class='ocrx_word' id='word_1_191' title='bbox 1121 2976 1520 3044; x_wconf 86' lang='lat' dir='ltr'>publicationes</span> <span class='ocrx_word' id='word_1_192' title='bbox 1561 2975 2042 3028; x_wconf 89' lang='lat' dir='ltr'>matrimoniorum</span> 
     </span>
     <span class='ocr_line' id='line_1_29' title="bbox 286 3059 2044 3128; baseline 0.001 -18"><span class='ocrx_word' id='word_1_193' title='bbox 286 3060 341 3110; x_wconf 90' lang='lat' dir='ltr'>in</span> <span class='ocrx_word' id='word_1_194' title='bbox 365 3059 623 3112; x_wconf 83' lang='lat' dir='ltr'>Ecclesia.</span> <span class='ocrx_word' id='word_1_195' title='bbox 662 3060 855 3112; x_wconf 90' lang='lat' dir='ltr'>Modus</span> <span class='ocrx_word' id='word_1_196' title='bbox 883 3075 1008 3113; x_wconf 88' lang='lat' dir='ltr'>vero</span> <span class='ocrx_word' id='word_1_197' title='bbox 1032 3065 1083 3113; x_wconf 87' lang='lat' dir='ltr'>et</span> <span class='ocrx_word' id='word_1_198' title='bbox 1107 3064 1322 3128; x_wconf 87' lang='lat' dir='ltr'>tempus</span> <span class='ocrx_word' id='word_1_199' title='bbox 1350 3075 1441 3112; x_wconf 88' lang='lat' dir='ltr'>eas</span> <span class='ocrx_word' id='word_1_200' title='bbox 1467 3059 1851 3112; x_wconf 88' lang='lat' dir='ltr'>introducendi</span> <span class='ocrx_word' id='word_1_201' title='bbox 1877 3059 2044 3111; x_wconf 84' lang='lat' dir='ltr'>relin-</span> 
     </span>
     <span class='ocr_line' id='line_1_30' title="bbox 284 3142 2035 3213; baseline 0.002 -20"><span class='ocrx_word' id='word_1_202' title='bbox 284 3142 498 3209; x_wconf 88' lang='lat' dir='ltr'>quenda</span> <span class='ocrx_word' id='word_1_203' title='bbox 526 3143 780 3196; x_wconf 89' lang='lat' dir='ltr'>videntur</span> <span class='ocrx_word' id='word_1_204' title='bbox 800 3144 1108 3211; x_wconf 79' lang='lat' dir='ltr'>prudentiae</span> <span class='ocrx_word' id='word_1_205' title='bbox 1134 3144 1481 3213; x_wconf 85' lang='lat' dir='ltr'>singulorum</span> <span class='ocrx_word' id='word_1_206' title='bbox 1509 3144 1910 3211; x_wconf 90' lang='lat' dir='ltr'>episcoporum,</span> <span class='ocrx_word' id='word_1_207' title='bbox 1938 3161 2035 3213; x_wconf 90' lang='lat' dir='ltr'>pro</span> 
     </span>
     <span class='ocr_line' id='line_1_31' title="bbox 280 3227 1999 3284; baseline 0.003 -7"><span class='ocrx_word' id='word_1_208' title='bbox 280 3227 511 3279; x_wconf 87' lang='lat' dir='ltr'>diversis</span> <span class='ocrx_word' id='word_1_209' title='bbox 536 3227 781 3281; x_wconf 88' lang='lat' dir='ltr'>locorum</span> <span class='ocrx_word' id='word_1_210' title='bbox 808 3231 1228 3284; x_wconf 89' lang='lat' dir='ltr'>circumstantiis</span> <span class='ocrx_word' id='word_1_211' title='bbox 1251 3247 1366 3284; x_wconf 90' lang='lat' dir='ltr'>rem</span> <span class='ocrx_word' id='word_1_212' title='bbox 1391 3230 1605 3283; x_wconf 90' lang='lat' dir='ltr'>diverse</span> <span class='ocrx_word' id='word_1_213' title='bbox 1635 3228 1999 3282; x_wconf 88' lang='lat' dir='ltr'>tractantium.</span> 
     </span>
    </p>

    <p class='ocr_par' dir='ltr' id='par_1_8' title="bbox 281 3313 2033 3467">
     <span class='ocr_line' id='line_1_32' title="bbox 345 3313 2033 3380; baseline 0.003 -18"><span class='ocrx_word' id='word_1_214' title='bbox 345 3313 395 3361; x_wconf 86' lang='lat'>3⁰</span> <span class='ocrx_word' id='word_1_215' title='bbox 430 3313 534 3364; x_wconf 89' lang='lat' dir='ltr'>Eos</span> <span class='ocrx_word' id='word_1_216' title='bbox 553 3313 648 3380; x_wconf 87' lang='lat' dir='ltr'>qui</span> <span class='ocrx_word' id='word_1_217' title='bbox 668 3315 1076 3368; x_wconf 87' lang='lat' dir='ltr'>matrimonium</span> <span class='ocrx_word' id='word_1_218' title='bbox 1103 3323 1232 3369; x_wconf 84' lang='lat' dir='ltr'>sunt.</span> <span class='ocrx_word' id='word_1_219' title='bbox 1256 3314 1582 3368; x_wconf 85' lang='lat' dir='ltr'>contracturi</span> <span class='ocrx_word' id='word_1_220' title='bbox 1609 3314 1925 3367; x_wconf 83' lang='lat' dir='ltr'>adhortetur</span> <span class='ocrx_word' id='word_1_221' title='bbox 1950 3330 2033 3367; x_wconf 81' lang='lat' dir='ltr'>sa-</span> 
     </span>
     <span class='ocr_line' id='line_1_33' title="bbox 281 3400 2030 3467; baseline -0.001 -18"><span class='ocrx_word' id='word_1_222' title='bbox 281 3400 485 3463; x_wconf 69' lang='lat' dir='ltr'>eerdos&gt;</span> <span class='ocrx_word' id='word_1_223' title='bbox 515 3407 564 3453; x_wconf 88' lang='lat' dir='ltr'>et</span> <span class='ocrx_word' id='word_1_224' title='bbox 588 3400 812 3453; x_wconf 71' lang='lat' dir='ltr'>[nnnino</span> <span class='ocrx_word' id='word_1_225' title='bbox 852 3401 988 3452; x_wconf 84' lang='lat' dir='ltr'>nihil</span> <span class='ocrx_word' id='word_1_226' title='bbox 1032 3402 1353 3454; x_wconf 81' lang='lat' dir='ltr'>intentatum</span> <span class='ocrx_word' id='word_1_227' title='bbox 1398 3401 1691 3467; x_wconf 78' lang='lat' dir='ltr'>relinquat,</span> <span class='ocrx_word' id='word_1_228' title='bbox 1724 3405 1780 3451; x_wconf 87' lang='lat' dir='ltr'>ut</span> <span class='ocrx_word' id='word_1_229' title='bbox 1817 3400 2030 3452; x_wconf 73' lang='lat' dir='ltr'>indurat</span> 
     </span>
    </p>
   </div>
  </div>
 </body>
</html>
