2470 4198
1216 534 1478 578 ——156—

475 623 735 738 inissione
768 625 832 675 ad
867 638 1042 674 causae
1073 639 1298 677 examen
1326 626 1614 688 adhibitis,
1644 631 1804 693 atque
1828 643 2014 680 eorum
2039 631 2215 683 consi·-

496 690 550 739 io
574 695 810 754 accepto,

542 755 640 806 His
687 770 815 806 vero
859 755 1043 810 relatis
1089 757 1147 808 in
1191 760 1499 826 generalis.
1529 761 1585 811 C.
1616 767 1887 813 conventu
1917 760 2098 815 habito
2122 763 2212 815 die

475 821 664 886 quinta
688 822 893 872 mensis
919 822 1122 887 Aprilis
1153 826 1280 877 1852
1300 863 1313 886 ‚
1359 825 1779 877 eminentissimi
1802 827 1982 880 Patres
2005 827 2072 879 iis
2095 844 2216 896 quae

475 892 856 952 proponuntur
883 891 1236 941 annuendum
1264 898 1615 943 censuerunt.

540 952 923 1005 sanctissimus
965 969 1094 1007 vero
1149 958 1415 1010 Dominus
1458 959 1649 1010 Noster
1689 956 1744 1009 in
1790 958 2064 1011 audientia
2104 960 2212 1012 diei

473 1021 504 1068 6
525 1018 756 1083 ApriliS,
783 1021 966 1073 audita
990 1022 1253 1077 relatione
1280 1039 1378 1092 per
1399 1023 1803 1092 infrascriptum
1836 1026 1887 1076 S.
1919 1026 2218 1093 Congrega-

474 1083 639 1136 tionis
670 1087 1024 1140 secretarium
1062 1087 1318 1151 exhibita,
1347 1091 1670 1142 sententiam
1709 1091 1759 1141 S.
1788 1091 1844 1142 C.
1885 1105 1946 1142 ac
1972 1092 2218 1157 supradi-

473 1156 611 1201 ctam
638 1151 955 1205 methodum
990 1154 1236 1220 probavit
1269 1170 1329 1208 ac
1360 1156 1564 1208 servari
1597 1155 1817 1208 interim
1848 1157 2038 1219 voluit,
2083 1171 2214 1210 con-

475 1217 657 1271 trariis
680 1218 1106 1287 quibuscunque
1129 1234 1240 1275 non
1263 1221 1623 1275 obstantibus,
1647 1264 1665 1288 ,

538 1302 750 1365 Datum,
780 1310 888 1355 etc.
1459 1350 1473 1356 i

1315 1409 1329 1418 .
1375 1373 1437 1429 A.
1478 1371 1748 1432 ΒᾼιιΝΑΒὸ,
1788 1372 2119 1424 secretarius,

1304 1765 1398 1815 IX.

1175 1884 1542 1935 DECRETUM

754 2017 797 2051 S.
838 2016 1294 2053 CONGREGATIONIS
1330 2018 1398 2053 DE
1435 2017 1781 2056 PROPAGANDA
1810 2021 1951 2067 FIDE,

634 2120 748 2183 Quo
774 2118 1106 2185 approbatur
1127 2119 1312 2195 modus
1335 2121 1654 2197 procedendi
1675 2125 1816 2176 circa
1838 2134 2064 2178 rectores

1157 2201 1542 2242 mass-conamus.

547 2312 610 2362 In
626 2309 865 2377 generali
892 2310 943 2361 S.
974 2305 1417 2373 congregationis
1434 2312 1705 2360 conventu
1723 2307 1906 2362 habito
1928 2311 2016 2362 die
2042 2311 2231 2363 8Mar-

482 2377 545 2429 tii
567 2379 714 2438 1853,
734 2376 1002 2428 referente
1016 2371 1452 2425 eminentissimo
1464 2387 1527 2424 ac
1537 2375 1992 2427 reverendissimo
2005 2376 2229 2428 domino

481 2443 742 2496 cardinali
761 2439 1030 2508 Raphaele
1054 2440 1337 2502 Fornari0‚
1369 2438 1648 2491 occasione
1671 2441 2057 2510 recognitionis
2080 2447 2225 2494 acto-

481 2525 604 2563 rum
628 2524 688 2561 ac
712 2510 1054 2561 decretorum
1081 2505 1283 2572 Synodi
1306 2504 1658 2570 provincialis
1682 2521 1780 2572 per
1797 2508 2006 2574 Angliee
2018 2504 2230 2559 antisti-

481 2583 562 2628 tes
577 2575 791 2636 habitae‚
805 2573 1041 2626 examini
1057 2586 1277 2639 quoque
1290 2571 1564 2638 proposita
1575 2579 1656 2624 est
1669 2573 1977 2643 formulaad
1991 2579 2229 2648 mentem

482 2642 658 2709 ipsius
701 2641 902 2707 Synodi
935 2640 1248 2692 elucubrata
1269 2675 1282 2700 ‚
1316 2642 1367 2688 et
1393 2639 1457 2689 ab
1491 2638 1925 2691 eminentissimo
1965 2639 2230 2706 archlepl-

484 2722 647 2775 scopo
670 2704 1241 2759 Westmonasteriensi
1266 2704 1600 2767 transmissa,
1635 2719 1865 2772 quaeque
1881 2703 2225 2757 inscribitur:

483 2776 678 2827 Modus
713 2772 1034 2840 procedendi
1062 2772 1118 2822 in
1143 2769 1365 2821 consilio
1400 2771 1651 2835 capiendo
1679 2787 1711 2820 a
1743 2772 1982 2823 Concilio
2007 2771 2224 2822 investi-

482 2842 733 2907 qatiorti8‚
753 2840 1067 2905 priusquam
1094 2836 1326 2902 finaliter
1349 2836 1632 2903 dejiciatur
1665 2846 1840 2889 rector
1861 2837 2230 2888 missionarius

485 2906 895 2974 quatuordecim
922 2903 1164 2956 articulis
1191 2903 1606 2968 comprehensa:
1629 2903 1927 2969 quaestione
1945 2917 2080 2978 vero·
2106 2917 2230 2968 pro·-

484 2975 660 3042 posita
691 2987 824 3025 num
861 2975 1156 3022 memorata
1180 2969 1466 3020 methodus
1495 2976 1636 3021 esset
1657 2970 1950 3035 probanda,
1977 2982 2227 3025 eminen-

485 3040 684 3092 tissimi
708 3054 768 3092 ac
792 3034 1235 3090 reverendissimi
1259 3036 1440 3086 Patres
1475 3036 1870 3101 responderunt
1894 3035 2206 3087 affirmative

555 3127 673 3178 Dat.
700 3126 883 3175 Romae
913 3137 979 3175 ex
1008 3121 1105 3173 aed.
1131 3122 1182 3175 S.
1219 3120 1276 3171 C.
1301 3120 1367 3171 de
1398 3121 1741 3187 Propaganda
1767 3121 1897 3172 Fide
1924 3120 2011 3172 die
2043 3120 2075 3170 [ι
2105 3120 2220 3170 Au,

494 3192 635 3255 gusti
666 3192 811 3241 1853.
841 3249 843 3251 .

633 3325 671 3371 L
732 3326 779 3373 ᾖ(
819 3325 873 3372 S..
1189 3255 1234 3304 J.
1266 3254 1361 3305 Pu.
1392 3253 1556 3305 Cim).
1587 3253 2059 3319 FRANsoN1‚proef,
