2470 4198
1180 590 1415 636 *55-

416 697 500 748 hic
516 690 920 760 fiirprovinciali
947 689 1164 754 Synodo
1183 684 1523 746 coadunati53
1547 689 1604 734 ut
1628 695 1719 733 eos
1737 685 1974 746 protegat
1992 686 2152 746 atque

417 787 724 840 conservem
766 775 1037 829 illuminet
1069 773 1236 841 gratia
1267 778 1316 823 et
1349 770 1645 821 inflammet
1696 763 1978 825 charitate,
2009 764 2150 815 elar-

417 862 567 928 giens
595 860 725 926 ipsis
751 861 990 907 sanctum
1029 855 1288 920 Spiritum
1323 865 1484 902 suum
1530 848 1877 913 Paraclitum‚
1922 851 2017 917 qui
2061 867 2153 903 eos

422 949 478 998 in
508 927 722 997 ornnem
754 941 911 992 ducat
935 939 1234 991 veritatem.

482 1053 572 1103 111.
613 1051 824 1100 Fratres
851 1045 1184 1106 charissimi,
1215 1044 1309 1112 qui
1334 1043 1486 1097 statis
1511 1045 1569 1096 in
1596 1046 1756 1097 domo
1780 1043 2030 1104 Domini,
2056 1058 2155 1096 cx-

418 1136 588 1191 tollite
615 1146 803 1184 manus
838 1137 1037 1183 vestras
1061 1131 1119 1181 in
1141 1132 1345 1194 Sancta,
1364 1135 1414 1182 et
1445 1131 1807 1198 deprecamini
1826 1131 2016 1184 faciem
2043 1145 2158 1182 om-

421 1223 716 1291 nipotentis
739 1219 869 1279 Dei,
898 1220 949 1268 et
973 1214 1142 1268 Patris
1166 1214 1223 1266 D.
1252 1216 1313 1266 N.
1340 1216 1388 1267 J.
1419 1216 1499 1277 C.,
1526 1215 1767 1267 dicentes
1793 1235 1804 1267 :
1849 1237 1870 1262 «
1902 1215 2130 1289 Domine
2148 1253 2163 1276 ,

422 1323 542 1360 ecce
571 1321 747 1371 nuper
778 1308 1046 1355 venerunt
1070 1308 1256 1370 gentes
1285 1302 1342 1353 in
1367 1301 1734 1355 haereditatem
1767 1309 1941 1364 tuam,
1969 1309 2020 1354 et
2049 1302 2166 1369 pol-

424 1396 644 1447 luerunt
691 1391 951 1458 templum
991 1396 1233 1443 sanctum
1279 1395 1434 1443 tuum
1473 1394 1562 1458 (1).
1604 1392 1965 1454 Quamobrem
2010 1406 2162 1456 quae-

422 1492 636 1543 cunque
661 1482 880 1542 propter
903 1483 1119 1542 peccata
1142 1482 1321 1527 nostra
1361 1479 1518 1529 nobis
1552 1478 1845 1544 infligenda
1877 1474 2123 1546 disponis
2149 1515 2164 1537 ,

425 1566 491 1616 da
527 1563 683 1615 nobis
711 1562 976 1628 patienter
1004 1567 1054 1612 et
1083 1563 1315 1614 demisse
1343 1564 1590 1615 tolerare.
1628 1566 1854 1617 Percute
1890 1577 2018 1623 ῃοε,
2058 1558 2169 1612 Do-

426 1648 572 1698 mine
591 1684 604 1708 ,
630 1645 675 1696 si
700 1646 773 1696 ita
803 1646 956 1706 velis,
998 1662 1027 1697 a
1054 1648 1254 1699 vertice
1289 1649 1482 1714 capitis
1514 1665 1690 1716 usque
1716 1649 1779 1700 ad
1818 1647 2053 1713 plantam
2078 1659 2172 1710 pe-

427 1735 551 1785 dis:
601 1734 693 1784 sed
724 1733 782 1782 in
824 1732 924 1781 hoc
969 1746 1079 1781 uno
1120 1747 1277 1797 parce
1317 1735 1507 1796 nobiS‚
1557 1741 1610 1785 et
1657 1732 1869 1785 retrahe
1902 1730 2168 1797 judicium

430 1826 583 1869 tuum
610 1832 637 1867 a
664 1815 852 1875 nobis,
896 1822 956 1867 ut
981 1815 1124 1867 oculi
1150 1817 1319 1869 nostri
1344 1832 1454 1869 non
1480 1819 1724 1877 videant,
1753 1833 1929 1886 neque
1955 1817 2176 1869 audiant

428 1919 586 1956 aures
613 1908 835 1961 nostrae,
862 1899 1165 1951 dulcissimi
1196 1903 1321 1953 Jesu
1340 1939 1352 1963 ‚
1381 1903 1507 1954 Filii
1533 1905 1613 1956 tui
1640 1904 1850 1965 dilecti,
1879 1901 2173 1954 sacratissi-

430 2003 579 2039 mum
613 2000 807 2051 corpus
838 1986 1096 2053 sacrilege
1127 1986 1297 2040 fuisse
1333 1987 1670 2052 profanatum
1691 2027 1705 2047 ‚
1751 1999 1802 2044 et
1838 1989 2172 2057 pretiosissi-

432 2091 581 2127 mum
625 2073 811 2125 aeterni
860 2071 1186 2124 Testamenti
1235 2074 1555 2137 sanguinem
1601 2073 1830 2136 pedibus
1876 2074 2171 2140 impiorum

434 2160 826 2217 conculcatum.
853 2158 1022 2230 Aufer
1052 2158 1152 2209 hoc
1180 2161 1532 2225 opprobrium
1563 2175 1593 2211 a
1615 2160 1790 2224 nobis,
1817 2161 2074 2231 Domine,
2103 2175 2173 2211 ne

433 2250 609 2301 dicant
634 2253 853 2314 gentes:
894 2246 1197 2312 Dereliquit
1223 2261 1315 2298 ecs
1343 2231 1487 2298 Deus
1526 2261 1744 2305 eorum3
1777 2253 1828 2296 et
1867 2261 1934 2296 ne
1962 2245 2174 2295 deficiat

436 2347 526 2384 cor
554 2337 799 2383 nostrum
840 2330 898 2382 in
934 2331 1293 2384 amaritudine
1323 2331 1422 2383 hac
1446 2326 1809 2394 amarissima,
1851 2347 2043 2399 panem
2072 2346 2173 2383 an-

436 2420 700 2485 gelorum,
727 2407 948 2469 delicias
973 2417 1168 2468 animae
1192 2424 1411 2478 nostrae,
1443 2419 1694 2468 Sanctum
1719 2421 2027 2468 sanctorum
2042 2440 2066 2476 ‚-
2085 2416 2178 2465 de-

437 2510 678 2568 spectum
706 2507 756 2552 et
782 2507 1150 2566 contemptum
1184 2502 1391 2552 videns,
1424 2520 1447 2547 »

1236 2632 1397 2711 n„

438 2772 720 2810 orm-nonis
764 2768 1056 2811 MENTAus,
1093 2767 1144 2803 ιΝ
1184 2767 1423 2802 SECUNDA
1459 2766 1741 2812 snssmNE,
1783 2771 1992 2807 PUNCTA
2032 2769 2191 2804 cmm..

504 2885 547 2933 Ι.
586 2882 797 2931 Fratres
837 2872 1167 2930 charissimi,
1217 2871 1388 2922 levate
1428 2870 1635 2921 animas
1669 2879 1872 2925 vestras
1906 2874 1970 2924 ad
2008 2874 2183 2923 Deum

439 2970 648 3019 Patrem
660 2959 1102 3023 omnipotentem,
1120 2960 1333 3007 orantes
1352 2961 1428 3014 ut,
1442 2955 1500 3005 in
1517 2954 1834 3006 fortitudine
1850 2952 2051 3006 brachii
2077 2952 2184 3011 sui,

440 3053 729 3107 Ecclesiam
763 3060 915 3099 suam
956 3048 1192 3093 sanctam
1234 3044 1381 3102 regat
1420 3043 1472 3089 et
1511 3043 1779 3104 protegam
1824 3044 1884 3088 ut
1929 3036 2179 3088 omnium

443 3142 788 3193 inimicorum
830 3137 889 3186 in
926 3141 1043 3179 cam
1082 3127 1301 3176 conatus
1342 3123 1590 3172 retundat
1641 3130 1690 3173 et
1732 3122 1940 3183 irritet3
1983 3117 2186 3171 nefaria

508 3285 570 3341 (l)
603 3285 668 3328 Ad
699 3270 931 3327 Svnodnin
951 3275 1218 3333 pervenerat
1246 3266 1451 3320 mintius,
1479 3281 1621 3324 nuper
1647 3282 1671 3312 a
1702 3267 2048 3327 tumultuante„
2069 3259 2183 3325 etin

450 3337 698 3387 catholicos
735 3333 999 3384 'inserviente
1037 3330 1187 3376 turba.
1228 3325 1345 3381 apud
1387 3325 1646 3384 Stockport‚
1673 3325 1900 3372 horrendo
1935 3319 2189 3375 sacrilegio,

452 3402 534 3447 SS.
556 3399 888 3445 Eucharistiam
912 3396 1054 3440 fuisse
1088 3387 1392 3446 profanatam.
