2470 4198
1117 621 1168 636 -ι-

1025 650 1081 655 -“
1124 640 1170 668 li)
1203 651 1259 656 ‘—

279 723 456 775 reddet
486 723 755 788 episcopo,
789 722 838 772 in
869 721 1085 773 archivo
1114 723 1451 781 servandam,
1477 724 1528 773 in
1561 721 1930 774 testlinonintn
1961 722 2037 775 10⁴

276 806 447 871 gitiini
476 805 824 856 matrimonii.

341 894 389 939 ἕν’
430 890 870 956 Dispensationes
924 893 1089 957 igitur
1133 891 1559 943 matrimoniales
1611 909 1886 960 nunquam
1917 894 2034 944 viva

278 992 424 1035 voce,
460 976 541 1026 vcl
571 990 667 1041 per
693 976 998 1042 simplicem
1036 978 1353 1043 epistolam,
1386 977 1771 1032 concedantur,
1811 975 1903 1026 scd
1939 990 2033 1041 per

276 1060 564 1111 fin-inulam
596 1067 843 1112 accurate
870 1062 1266 1113 concinnatam.

679 1201 883 1251 XXIII.
912 1201 986 1250 De
1015 1202 1296 1266 proecepcis
1333 1200 1597 1252 Ecclesiw.

346 1326 392 1373 1⁰
422 1308 729 1388 Optandum
762 1322 982 1389 quidem
1012 1328 1152 1374 esset
1178 1328 1236 1374 ut
1277 1322 1541 1373 festorum
1575 1319 1917 1371 observantia
1947 1334 2036 1371 ac-

275 1416 457 1461 curata
485 1411 627 1462 inter
654 1425 751 1461 nos
782 1411 1021 1478 vigeret3
1053 1409 1146 1462 sed
1186 1423 1307 1460 cum
1336 1407 1555 1459 difficile
1581 1406 1653 1458 sit
1684 1421 1712 1457 a
1740 1407 2034 1458 servilibus

275 1494 532 1558 operibus
556 1496 846 1557 abstinere,
877 1497 944 1547 iis
966 1495 1199 1547 maxime
1226 1494 1321 1560 qui
1346 1494 1412 1545 ab
1437 1492 1585 1543 heris
1610 1492 2036 1557 protestantibus

277 1579 609 1644 dependent,
646 1583 807 1633 enixe
839 1581 1286 1641 adlaborandum,
1321 1586 1380 1631 ut
1423 1579 1610 1631 fideles
1637 1579 1705 1630 iis
1746 1580 1960 1642 diebuS,
1990 1580 2036 1632 si

272 1664 407 1716 infra
435 1665 821 1720 hebdomadam
851 1668 1064 1728 cadunt,
1094 1667 1283 1718 saltem
1305 1667 1486 1718 Missae
1510 1664 1783 1717 assistant.
1816 1668 1891 1717 Ac
1915 1680 2038 1731 pro-

276 1755 457 1815 pterca
485 1751 682 1802 dehent
724 1751 1075 1811 missionarii,
1115 1750 1160 1801 si
1197 1749 1313 1802 fieri
1351 1754 1544 1815 potest,
1589 1750 1653 1801 ad
1692 1750 2035 1802 satisfacien-

273 1835 402 1886 dum
431 1851 619 1888 eorum
651 1836 958 1898 devotioni,
987 1835 1180 1887 saltem
1208 1849 1372 1887 unam
1407 1834 1629 1886 Missam
1664 1835 1910 1887 diluculo
1934 1836 2036 1902 lce—

276 1918 584 1971 lehi-andam
613 1935 820 1973 curare.
858 1922 1010 1986 Ipsos
1047 1923 1228 1970 autem
1267 1924 1554 1979 moneant,
1585 1926 1779 1971 utnon
1818 1923 2037 1986 propria

276 2006 479 2058 auctori
491 2011 593 2058 tate
611 2043 624 2066 ,
653 2006 746 2058 sed
766 2006 832 2057 de
858 2003 1078 2056 licentia
1101 2002 1413 2063 sacerdotiS,
1444 2003 1678 2068 negotiis
1705 2012 1755 2056 et
1779 2005 2040 2071 operibus

275 2090 328 2140 in
358 2089 426 2142 ii's
449 2090 643 2142 diebus
670 2091 1006 2142 incumbant.

336 2174 386 2223 2⁰
423 2174 501 2224 Ad
530 2175 830 2240 augendam
858 2175 1047 2241 populi
1090 2173 1438 2227 devotionem
1470 2188 1594 2240 erga
1620 2180 1832 2226 sanctos
1858 2179 2036 2240 patro-

269 2276 367 2312 nos
391 2261 706 2313 dioecesium
733 2269 784 2315 et
819 2262 1190 2322 ecclesiarum,
1232 2260 1651 2326 supplicandum
1681 2258 1783 2310 erit
1810 2261 2032 2310 Summo

268 2344 509 2395 Pontifici
538 2350 597 2396 ut
623 2344 857 2412 benigne
905 2344 1162 2397 concedat
1203 2341 1442 2394 utliceat
1466 2340 1678 2395 ,horum
1702 2339 1820 2390 dies
1862 2339 2030 2390 festos

270 2428 324 2478 in
355 2429 689 2480 Dominicam
725 2430 971 2495 proxime
1006 2432 1357 2495 sequentem,
1407 2424 1461 2475 ni
1491 2423 1722 2475 rubricae
1747 2424 1798 2475 id
1829 2429 2029 2483 vetent,

272 2514 567 2566 transferre
606 2512 695 2581 (1).

336 2598 386 2646 3⁰
423 2598 628 2663 Jejunii
656 2598 803 2664 leges
841 2597 1131 2663 diligenter
1172 2599 1443 2662 exponant
1476 2594 1811 2660 presbyteri,
1838 2595 2030 2659 praeci-

272 2696 375 2747 pne
401 2680 559 2732 initio
587 2681 1045 2748 quadragesimae,
1073 2679 1536 2748 promiscuitatem
1563 2677 1814 2729 ciborum
1851 2678 2035 2743 prohi-

273 2770 447 2831 beant,
494 2773 544 2820 et
590 2773 827 2819 sanctam
880 2769 1222 2820 severitatem
1268 2764 1527 2818 charitate
1561 2768 1929 2828 temperatam,
1977 2764 2031 2815 in

271 2853 568 2904 exercenda
603 2853 890 2903 commissa
933 2857 1196 2918 potestate
1222 2846 1608 2916 dispensandi,
1641 2845 1951 2899 exhibeant.

337 2937 385 2987 ἵν’
423 2937 557 2987 Cum
589 2935 847 3002 obligatio
892 2937 1128 2988 decimas
1163 2933 1408 2987 solvendi
1448 2932 1592 2984 inter
1635 2944 1732 2981 nos
1771 2945 1878 2982 non
1912 2934 2028 2984 exi-

271 3030 387 3083 stat,
417 3026 956 3086 moneanturtideleS,
980 3039 1088 3077 non
1119 3024 1318 3076 idcireo
1338 3037 1395 3074 se
1420 3020 1585 3073 eximi
1608 3020 1674 3070 ab
1700 3019 2031 3086 obligatione

272 3113 587 3177 providendi
616 3111 801 3163 divino
833 3109 1033 3172 cultui,
1064 3125 1122 3161 ae
1157 3109 1394 3161 honestae
1428 3118 1702 3157 sacrorum
1744 3104 2027 3157 ministro-

270 3211 386 3247 rum
416 3194 817 3247 sustentationi.

331 3319 393 3369 (ll
422 3318 651 3363 Sanctitas
675 3330 755 3361 sna
798 3312 1124 3370 lwnignissinw
1162 3309 1337 3355 annuit.
1379 3307 1430 3351 V.
1462 3307 1678 3365 Rescripl.
1711 3309 1754 3352 in
1795 3308 2025 3366 Appenni„

272 3387 316 3422 η’·
338 3377 489 3423 xviii.
515 3377 604 3421 Nec
632 3389 719 3421 nnn
745 3372 1052 3429 indulgentias
1072 3371 1277 3427 aliasque
1300 3368 1471 3429 gratias
1492 3381 1573 3424 pro
1595 3368 1768 3426 Anglia}
1790 3376 1834 3413 et
1862 3367 2020 3414 ltine-1»

275 3436 357 3483 nim
403 3438 483 3481 SS.
528 3434 734 3481 Patronis·
759 3431 999 3477 votnfcssit.
1034 3429 1096 3473 lb.
1118 3465 1127 3483 ‚
1156 3439 1203 3472 ια’·
1229 3427 1322 3470 ΧΙΧ
1345 3463 1354 3474 ,
1386 3426 1478 3469 XX.
