2470 4198
998 637 1051 644 -—
1083 627 1133 657 ω
1170 635 1227 643 ---

230 709 413 761 silium
458 708 776 774 frequenter
814 704 1102 763 adhibeat,
1148 712 1205 755 ut
1244 704 1410 770 legata
1455 701 1552 770 pia'
1574 701 1779 770 optimo
1818 699 1985 766 modo

226 779 689 850 administrentur,
719 804 776 841 ac
804 794 916 840 tuto
943 795 1229 840 serventur
1252 807 1264 846 ς
1291 793 1458 854 utque
1480 786 1717 838 fidelium
1744 785 1992 847 collectan,

229 878 502 944 sapienter
528 881 579 930 et
603 863 858 942 proficue,
887 889 946 926 ae
970 875 1088 926 sine
1119 874 1353 941 partium
1391 872 1571 926 studio
1603 869 1895 930 distribui,
1928 873 1980 919 ct

228 947 493 1027 applicari*
511 959 740 1010 valcant.

296 1047 345 1097 5⁰
376 1042 586 1110 Singuli
609 1042 868 1109 episcopi,
898 1043 1057 1095 etiam
1076 1043 1132 1094 in
1161 1043 1379 1110 Synodo
1409 1044 1709 1095 dioecesana
1734 1041 1982 1108 proxime

233 1129 474 1182 habenda
497 1165 511 1190 ,
559 1128 847 1194 designent
876 1118 985 1195 ‘pro
1033 1128 1147 1180 suis
1197 1128 1522 1180 dioecesibus
1585 1128 1982 1180 examinatores

232 1213 534 1282 synodales.
676 1203 677 1206 ’
899 1201 901 1205 ’
939 1201 944 1207 ’
1076 1199 1079 1203 ’
1455 1202 1457 1205 ’

296 1302 346 1350 6⁰
370 1300 430 1349 ln
458 1291 642 1348 eadem
666 1297 824 1349 etiam
848 1333 861 1357 ,
892 1297 1137 1364 quinque
1163 1298 1588 1365 spectatissimos
1632 1302 1981 1367 presbyteros

230 1388 475 1462 seligant,
505 1384 600 1453 qui
626 1381 1049 1457 Commissjonem
1074 1383 1502 1451 intresliqationis
1528 1384 1879 1446 constituant,
1909 1386 1976 1436 de

230 1486 334 1538 qua
362 1467 541 1536 supra,
568 1484 682 1536 cap.
708 1471 768 1520 13
791 1474 967 1520 actum
994 1471 1093 1519 est.
1124 1468 1437 1533 Congruum
1481 1469 1642 1528 etiam
1680 1469 1897 1521 videtur
1922 1477 1982 1522 ut

230 1542 421 1612 horum
454 1558 562 1608 duo
586 1571 615 1608 e
645 1554 862 1623 gremio
901 1551 1147 1634 capituli,
1183 1551 1383 1618 reliqui
1408 1557 1516 1618 tres
1560 1553 1627 1604 de
1658 1553 1802 1606 clero
1829 1569 1981 1606 assu-

232 1647 461 1694 mantur.

293 1724 756 1803 7⁰Unusquisque
816 1723 1102 1792 episcopus
1150 1722 1342 1774 habeat
1388 1737 1548 1783 suum
1593 1724 1937 1777 archivistam
1964 1763 1978 1786 ,

230 1813 324 1879 qui
355 1812 546 1865 debeat
603 1810 875 1861 custodire
922 1807 1101 1859 omnia
1150 1805 1550 1873 instrumenta,
1596 1815 1646 1859 et
1689 1808 1794 1860 alia
1816 1810 1981 1860 docu-

231 1903 410 1949 menta
438 1897 501 1948 ad
524 1878 797 1948 dioecesim
831 1893 1157 1960 spectantia,
1189 1896 1240 1942 ct
1263 1892 1507 1961 exempla
1548 1892 1741 1947 habeat
1779 1894 1982 1946 instru-

229 1987 559 2040 mentorum,
598 1994 666 2029 ne
702 1979 819 2043 ipsa
857 1975 1140 2043 originalia
1169 1975 1226 2028 in
1259 1976 1464 2027 alienas
1492 1992 1685 2031 manus
1712 1980 1981 2044 incidant3

230 2071 279 2117 et
307 2065 594 2132 registrum
623 2053 868 2140 omn-ium
895 2055 1385 2114 instrumentorum
1411 2061 1705 2116 dioeceseos
1730 2071 1927 2119 teneat.
1989 2057 1993 2065 ¹

637 2191 747 2243 XV.
786 2192 861 2248 De
901 2189 1247 2255 sacramentis*
1280 2189 1336 2239 in
1370 2203 1571 2253 qenere.

295 2317 429 2368 Cum
482 2314 749 2365 Dominus
794 2313 987 2363 Noster
1027 2310 1186 2360 Iesus
1236 2308 1482 2360 Christus
1530 2307 1587 2360 in
1629 2311 1979 2362 sacramentis

230 2402 413 2467 gratiae
430 2398 658 2465 copiam,
687 2398 744 2448 in
770 2396 934 2448 vitam
968 2401 1221 2447 aeternam
1255 2394 1747 2460 supereffluentem,
1779 2408 1984 2459 ponere

230 2484 481 2551 (lignatus
508 2485 604 2545 sit,
633 2482 772 2533 nihil
805 2481 1058 2533 Ecclesiae
1087 2477 1459 2531 sacerdotibus
1486 2478 1657 2544 magis
1683 2478 1832 2530 cordi
1861 2494 1979 2531 esse

232 2570 418 2629 debet,
447 2583 608 2635 quam
647 2575 705 2618 ut
735 2567 919 2626 fideles
945 2581 1160 2632 semper
1191 2560 1357 2631 aquas
1393 2565 1450 2616 in
1498 2564 1694 2631 gaudio
1730 2563 1981 2616 hauriant

233 2653 300 2703 de
326 2652 472 2703 hisee
497 2651 740 2703 fontibus
762 2651 1069 2706 SalvatoriS.
1099 2652 1200 2702 Sed
1233 2664 1356 2701 cum
1383 2649 1521 2700 nihil
1549 2651 1812 2710 sanctiUS,
1843 2648 1977 2699 nihil

233 2739 517 2804 augustius
566 2737 878 2805 hujusmodi
929 2736 1399 2795 institutionib11S‚
1449 2734 1679 2787 sollicite
1729 2739 1780 2785 et
1820 2732 1979 2784 enixe-

234 2823 556 2896 cavendum,
579 2835 646 2872 ne
662 2822 792 2889 quid
812 2821 1157 2888 negligentiae
1181 2819 1263 2871 vel
1288 2819 1674 2881 irreverentiae,
1703 2817 1759 2868 in
1776 2817 1979 2869 eisdem

234 2908 622 2972 pertractandis
654 2945 667 2969 ,
718 2907 1050 2979 admittatur.
1102 2906 1256 2957 Casta
1307 2910 1448 2956 caste
1478 2942 1494 2967 ,
1537 2908 1717 2956 sancta
1766 2908 1982 2965 sancte,

233 2992 447 3055 divina,
503 2998 766 3058 quantum
821 2991 1056 3042 humana
1100 2991 1156 3042 id
1215 2990 1355 3042 sinat
1401 2989 1696 3056 fragilitas,
1745 2987 1984 3054 perfecto

238 3077 434 3128 mentis
473 3077 750 3142 totiusque
793 3075 987 3126 animae
1034 3074 1229 3126 affeetu
1269 3073 1591 3145 peragenda.
1634 3072 1781 3123 Nihil
1833 3071 1978 3137 quod

235 3176 423 3214 eorum
452 3160 974 3215 administrationem
1001 3167 1231 3228 spectat,
1261 3161 1375 3213 sive
1401 3160 1539 3225 ritus
1563 3197 1576 3220 ,
1626 3159 1741 3210 sive
1783 3158 1944 3209 verba
1957 3194 1982 3224 ,-

233 3248 347 3298 sive
374 3247 477 3297 loci
502 3248 870 3314 temporisque
898 3248 1147 3315 adjuncta
1175 3244 1327 3312 parvi
1378 3249 1456 3295 est
1497 3243 1843 3304 faciendum3
1881 3230 1983 3306 scd

233 3331 412 3396 potius
439 3332 599 3382 etiam
628 3330 993 3382 minutissima
1025 3344 1255 3397 quaeque
1288 3330 1354 3379 ab
1377 3327 1614 3379 Ecclesia
1639 3326 1966 3393 praescripta‚

236 3415 413 3504 magni
442 3414 694 3481 ponderis
737 3419 859 3466 sunt
889 3414 1212 3480 reputanda,
1242 3428 1299 3464 ac
1326 3426 1534 3463 summa
1561 3406 1841 3475 diligentia
1875 3409 1971 3459 ol)-
