2470 4198
1189 479 1451 523 -160—

451 583 703 635 expresse
730 571 1067 645 derogamus.
1093 571 1313 622 Irritum
1337 590 1571 642 quoque,
1599 586 1649 631 et
1667 582 1826 634 inane
1850 586 2188 642 decernimus

450 637 496 685 si
521 649 676 707 secus
718 650 882 701 super
920 636 1005 686 his
1025 651 1066 710 ‘a
1091 651 1363 703 quoquam
1401 644 1591 707 quavis
1616 649 1930 703 auctoritate
1959 655 2190 708 scienter

450 701 533 750 vel
556 709 866 766 ignoranter
893 704 1179 769 contlgerit
1214 708 1478 759 attentari.
1509 711 1773 765 Volumus
1808 723 1984 768 autem
2011 726 2071 772 ut
2097 722 2190 774 ha-

450 780 572 840 rum
605 767 906 841 littera-rum
941 770 1203 836 exemplis
1239 771 1395 822 etiam
1441 774 1740 842 impressiS‚
1780 796 2054 851 manuque
2091 802 2190 853 pu-

449 833 792 908 blici-notam}
818 835 1158 901 subscriptis,
1184 843 1234 888 et
1258 853 1353 903 per
1377 842 1724 896 constitutum
1749 846 1806 898 in
1835 848 2192 905 ecclesiastica

447 900 708 962 dignitate
733 914 908 950 virum
943 915 1042 952 suo
1066 903 1247 969 sigillo
1280 906 1506 958 munitis
1534 911 1716 962 eadem
1747 913 2007 968 habeatur
2041 917 2188 981 fides,

447 978 568 1028 quae
606 970 803 1016 nostrae
833 967 1126 1019 voluntatis
1163 970 1572 1036 significationi,
1607 976 1726 1043 ipso
1763 979 1863 1032 hoc
1901 982 2190 1048 diplomate

445 1035 663 1082 ostenso
689 1030 996 1084 haberetur.

511 1119 706 1168 Datum
753 1121 935 1171 Romae
973 1120 1115 1185 apud
1159 1123 1209 1172 S.
1251 1123 1465 1175 Petrum
1514 1129 1614 1179 sub
1664 1132 1866 1184 annulo
1907 1133 2188 1188 Piscatoris

443 1182 536 1258 die
578 1201 718 1302 itnnx
764 1186 1093 1253 Septembris
1137 1204 1372 1251 nucea,
1437 1195 1779 1258 pontificatus
1821 1200 1993 1251 nostri
2043 1217 2185 1254 anno

443 1263 575 1314 qum
606 1265 656 1302 ο.

1245 1323 1309 1372 Α.
1339 1324 1503 1377 CARD.
1530 1329 1952 1383 Lamnnuscmm.

1141 1529 1505 1550 qw—

1282 1715 1330 1764 11
1339 1754 1349 1765 .

1115 1816 1504 1874 RESPONSUM

436 1935 766 1972 SANCTISSIMI
799 1920 998 1971 'DOMINI
1030 1936 1220 1972 NOSTRI
1256 1936 1329 1971 ΡΠ
1359 1936 1506 1970 PAPAE
1530 1935 1589 1969 lx
1622 1935 1692 1969 AD
1716 1936 2175 1975 EMINENTISSIMUM

504 2003 570 2036 ET
595 2002 1102 2038 REVERENDISSIMUM
1125 2001 1582 2038 ARCHIEPISCOPUM
1617 2001 1684 2036 ET
1709 2003 1798 2037 RR.
1827 2004 1907 2038 ΡΡ.
1936 2004 2024 2038 DD.
2057 2004 2172 2038 EPI-

501 2068 691 2103 SCOPOS
717 2068 923 2103 ANGLIAE
947 2069 1047 2104 PRO
1071 2069 1415 2104 RESTAURATA
1443 2067 1767 2102 HIERARCHIA
1795 2069 2015 2104 GRATIAS
2040 2070 2172 2106 RED-

500 2135 721 2179 DENTES,

433 2221 642 2271 Dilecto
669 2220 778 2271 filio
812 2227 1013 2280 nostro,
1043 2220 1260 2272 Nicolao
1296 2219 1377 2271 tit.
1412 2222 1460 2271 S.
1492 2222 1883 2282 Prudentianae,
1919 2224 1969 2274 S.
2008 2224 2071 2274 R.
2106 2224 2166 2276 E.

496 2289 812 2351 presbytero
830 2288 973 2338 card.
990 2287 1286 2347 Wiseman‚
1305 2286 1700 2352 archiepiscopo
1716 2289 2098 2340 Westmonast.
2118 2296 2170 2341 et

494 2351 898 2427 venerabilibus
932 2352 1188 2404 fratribus
1225 2352 1430 2419 Angliae
1461 2353 1727 2418 episcopis
1766 2353 1879 2419 ejus
1907 2354 2166 2421 suffraga-

499 2434 634 2480 neis,

1110 2507 1253 2557 PIUS
1281 2506 1375 2557 ΡΡ.
1403 2505 1495 2555 ΙΧ.

490 2629 697 2681 Dilecte
752 2630 827 2680 fili
874 2635 1074 2689 noster,
1127 2633 1177 2679 et
1227 2626 1562 2678 venerabiles
1603 2626 1812 2690 fratres,
1853 2631 2079 2683 salutem
2116 2639 2167 2685 et

427 2696 791 2762 Apostolicam
832 2695 1281 2747 benedictionem.
1319 2692 1570 2744 Maximae
1599 2692 1816 2757 quidem
1837 2696 2165 2762 jucunditati

423 2763 588 2814 Nobis
637 2762 859 2814 fuerunt
906 2767 1094 2812 vestrae
1148 2758 1652 2826 obsequentissimae
1706 2758 1896 2813 litterae
1947 2763 2034 2814 die
2085 2780 2163 2814 xx

425 2829 661 2893 proximi
687 2829 891 2880 mensis
914 2826 1227 2878 Novembris
1248 2827 1399 2886 datae,
1428 2824 1628 2890 quibus
1651 2825 1842 2879 dilecte
1865 2828 1941 2879 fili
1960 2835 2159 2891 noster,

427 2901 478 2945 et
503 2896 838 2947 venerabiles
855 2895 1061 2948 fratres,
1085 2892 1440 2958 significastiS‚
1462 2905 1670 2965 summa
1688 2907 1800 2954 VOS,
1825 2894 2159 2961 dilectosque

426 2961 566 3011 filios
596 2961 785 3027 inclyti
809 2961 969 3012 istius
991 2959 1196 3025 Angliae
1226 2957 1377 3024 regni
1403 2957 1708 3020 catholicOS‚
1737 2958 1921 3012 laetitia
1946 2960 2160 3018 affectos

427 3026 598 3078 fuisse
646 3030 713 3079 ob
763 3026 1088 3078 ordinariam
1128 3024 1503 3090 episcoporum
1548 3023 1902 3077 hierarchiam
1936 3026 1993 3076 in
2037 3027 2157 3093 ipso

426 3107 591 3158 regno
618 3109 647 3144 a
671 3094 834 3145 Nobis
854 3094 1007 3159 juxta
1032 3105 1341 3142 communes
1366 3089 1615 3141 Ecclesiae
1638 3091 1850 3156 regulas
1875 3094 2175 3159 nuper-'iifl

426 3164 732 3212 stauratam.
776 3163 950 3226 Atque
992 3172 1100 3210 una
1134 3157 1410 3208 vobiscum
1456 3154 1700 3229 futurum
1730 3158 2064 3220 confidimuS‚
2098 3162 2156 3210 ut

427 3223 692 3288 ejusmodi
719 3225 1034 3277 instauratio
1062 3239 1091 3274 a
1116 3223 1287 3282 vobiS‚
1316 3228 1366 3273 et
1386 3222 1520 3287 ipsis
1551 3222 1822 3274 catholicis
1838 3224 2048 3289 jamdiu
2071 3239 2156 3274 ex-

427 3295 620 3353 optata,
649 3294 759 3343 Deo
782 3294 919 3343 bene
951 3292 1192 3357 juvante,
1223 3290 1287 3339 ad
1319 3289 1574 3354 majorem
1604 3289 1770 3340 saneti
1803 3290 1888 3340 sui
1921 3289 2153 3340 nominis
