2470 4198
1194 543 1251 550 —-
1284 518 1458 563 Ust—

463 619 640 734 laplifle
683 616 920 684 episcopi
957 611 1165 679 judicio
1208 626 1317 663 non
1360 611 1583 680 poterit,
1623 612 1813 667 saltem
1852 616 2047 684 ligneis
2083 636 2222 679 can-ff

465 701 523 736 ce
569 698 634 735 ιε.
1091 724 1094 726 Α
1128 723 1132 727 .

525 752 785 801 Praeterea
808 747 859 798 si*
878 751 1028 798 extra
1050 744 1368 797 fornicatam
1400 745 1686 811 capellam,
1719 753 1814 801 aut
1844 751 2064 816 parietis
2080 769 2208 812 cons

462 816 740 867 cavitatem
765 812 1053 880 hemicycli
1070 813 1242 864 instar
1258 817 1616 864 constructam
1641 818 1831 877 totum,
1854 822 1946 869 aut
1966 833 2032 870 ex
2056 827 2206 885 parte

460 883 557 943 sit3
582 887 699 933 tum
737 886 953 947 tegmen
987 878 1198 939 habeat,
1225 877 1372 944 quod
1405 892 1472 930 ex
1497 892 1784 943 marmore,
1811 883 1893 935 vel
1923 898 1989 936 ex
2015 887 2225 938 asseri-.

459 951 561 1000 bus
585 951 809 1007 constet,
841 951 933 998 aut
958 944 1147 996 saltem
1169 961 1197 998 e
1221 945 1335 997 tela
1351 944 1782 1012 decenter-picta.

526 1013 746 1065 Decebit
765 1013 927 1064 etiam
950 1012 1008 1062 in
1030 1011 1250 1076 capella,
1271 1016 1363 1062 aut
1383 1011 1441 1062 in
1460 1011 1663 1076 pariete
1679 1015 1948 1089 proximo,
1977 1017 2028 1068 S.
2046 1018 2225 1072 Joan-.

458 1080 544 1131 nis
570 1081 749 1144 imago
775 1079 1047 1132 Christum
1079 1077 1373 1130 Dominum
1402 1077 1741 1143 baptizantls.

527 1149 588 1198 ln
615 1146 1121 1210 ecclesiaei‘ngressu
1139 1144 1429 1196 collocatus
1444 1146 1513 1195 sit
1533 1143 1654 1195 sons
1676 1147 2028 1213 baptismaliS‚
2049 1150 2228 1218 isque-

457 1228 487 1265 a
513 1214 734 1265 sinistra
755 1211 1183 1279 ingredientium
1207 1216 1375 1276 parte,
1405 1210 1513 1261 nisi
1531 1211 1733 1276 quibus
1757 1214 1815 1266 in
1841 1216 2083 1268 ecclesiis
2108 1233 2206 1284 pro

458 1281 596 1332 situs
627 1279 835 1332 ratione
858 1278 1017 1330 illum
1037 1279 1103 1329 ab
1127 1277 1293 1330 altera
1317 1283 1467 1342 parte
1488 1277 1669 1342 potius
1695 1281 2066 1333 collocandum
2090 1284 2224 1349 epi-v

457 1361 654 1413 scopus
673 1344 948 1411 judicarit.
968 1345 1100 1406 Quae
1127 1358 1255 1396 vero
1277 1343 1592 1408 baptisterIa
1606 1343 1663 1395 in
1676 1347 1935 1410 ecclesiis,
1956 1349 2203 1415 capellis-

458 1428 524 1465 ve
549 1427 614 1465 eo
642 1411 989 1478 potissimum
1013 1411 1235 1463 nomine
1258 1409 1564 1471 exstructiS‚
1601 1412 1924 1474 cathedrali,
1939 1415 2027 1467 vel
2051 1430 2228 1481 paro->

457 1478 617 1530 chiali
660 1477 901 1530 ecelesiae
924 1477 1035 1529 fere
1057 1475 1459 1529 adhaerentibus
1480 1481 1708 1540 exstant,
1734 1478 1828 1530 illa
1858 1495 1968 1532 non
1993 1495 2210 1535 amove-

456 1551 642 1606 antur3
669 1546 763 1596 sed
789 1544 1049 1606 ecclesiae‚
1066 1548 1158 1595 aut
1174 1541 1392 1610 capellae
1412 1542 1508 1616 ubi
1527 1542 1619 1595 illa
1645 1551 1790 1607 sunt,
1812 1546 2206 1612 instaurentur,

454 1616 545 1663 aut
575 1611 1034 1662 reconcinnentur
1066 1630 1078 1661 :
1117 1610 1214 1661 ubi
1246 1623 1374 1660 vero
1412 1623 1471 1659 ln
1502 1609 1743 1661 ecclesiis
1779 1614 2080 1678 praesertim
2119 1615 2224 1666 in--.

455 1677 794 1744 signioribus
835 1691 947 1728 non
974 1682 1124 1737 sunt,
1153 1675 1212 1726 in
1249 1680 1527 1741 posterum
1571 1676 1660 1727 eas
1698 1677 1780 1730 vel
1809 1679 2081 1741 ecclesiaS,
2117 1683 2220 1734 vel

453 1742 687 1810 capellas
736 1742 1018 1805 aedificari,
1053 1743 1111 1794 in
1136 1741 1359 1807 illisque
1394 1741 1769 1807 baptisterium
1791 1747 2034 1798 construi
2053 1747 2199 1799 idem

459 1811 749 1877 episcopus
776 1815 946 1861 curet.

517 1879 580 1928 In
625 1872 934 1942 baptismali
977 1875 1147 1936 fonte,
1182 1872 1279 1926 ubi
1306 1871 1760 1948 per-inlusionem
1789 1877 2108 1944 baptizatur,
2147 1879 2203 1932 id

448 1944 610 2010 plane
646 1948 915 2004 caveatur,
944 1950 1004 1995 nt
1034 1957 1102 1994 ne
1139 1944 1466 2014 aqua-capiti
1496 1940 1719 1994 infantis
1752 1943 1934 1997 infusa
1961 1945 2021 1997 in
2053 1960 2222 1998 eum-u

449 2011 572 2062 dem
613 2009 819 2061 fontem
866 2009 1100 2069 recidat,
1153 2007 1248 2058 sed
1279 2021 1337 2056 ln
1387 2008 1679 2060 sacrarium
1726 2010 2004 2076 profluat:
2039 2011 2204 2078 idque

446 2085 731 2143 propterea
754 2076 1049 2127 sacrarium
1078 2090 1106 2126 e
1130 2086 1399 2148 marmore
1419 2073 1659 2148 solidove
1686 2075 1864 2143 lapide
1889 2091 2055 2144 prope
2082 2077 2219 2130 fon--

450 2150 557 2194 tem
583 2148 945 2204 construatur,
981 2141 1046 2192 ad
1068 2144 1437 2213 praescrlptum
1470 2143 1915 2195 1nstructionum.

515 2211 577 2261 In
621 2209 960 2276 baptismalis
993 2207 1162 2260 fontis
1211 2205 1435 2266 cibonm,
1459 2207 1704 2260 mantilia
1729 2209 1856 2272 duo,
1885 2225 2056 2276 eaque
2082 2225 2206 2262 can-

447 2275 589 2337 dida,
619 2277 685 2327 ab
720 2275 980 2342 omnique
1010 2274 1168 2325 sorde
1198 2272 1401 2324 munda
1433 2280 1796 2337 asserventur,
1832 2291 1954 2345 quae
1976 2276 2202 2330 infantis

452 2342 614 2408 capiti
640 2342 995 2407 abstergendo
1018 2339 1149 2393 usui
1175 2339 1304 2390 sint.

514 2409 786 2474 Pluraque
817 2408 941 2460 ideo
963 2408 1023 2460 in
1051 2405 1295 2459 sacristia
1317 2403 1373 2456 id
1399 2403 1614 2473 generis
1637 2408 1884 2461 mantilia
1907 2413 2052 2461 certo
2079 2408 2219 2463 loco-v

451 2481 862 2529 conserventur.

515 2541 569 2592 Si
591 2555 721 2593 vero
746 2541 829 2592 vel
853 2538 1100 2592 mantilia
1121 2539 1209 2591 vel
1235 2537 1508 2590 sudariola
1532 2539 1598 2590 ad
1622 2554 1748 2592 eum
1767 2555 1930 2594 usum
1955 2541 2220 2608 aliquan«

447 2607 515 2660 do
547 2607 876 2667 afferuntur,
928 2622 990 2659 ea
1025 2606 1144 2658 nisi
1188 2619 1329 2657 nova
1358 2620 1426 2656 ne
1467 2604 1866 2659 adhibeantur:
1904 2615 2018 2660 tum
2063 2623 2215 2660 nova·

445 2673 704 2734 adhibita,
730 2687 800 2724 ne
832 2674 892 2724 in
914 2673 1231 2739 profanum,
1265 2670 1363 2723 sed
1390 2670 1449 2722 in
1475 2670 1715 2725 ecclesiae
1739 2674 1899 2726 usum
1938 2674 2027 2727 cui
2058 2680 2206 2727 recte

448 2738 1078 2807 accommodari-possint
1099 2741 1482 2796 convertantur
1509 2757 1521 2789 :
1560 2737 1767 2808 alioqui
1793 2741 2198 2796 comburantur„
