2470 4198
288 625 373 676 28⁰
400 622 704 685 Canonicus
722 621 1156 689 poenitentiarius
1180 619 1282 681 erit
1313 620 1555 683 insuper,
1579 614 1673 680 qui
1703 614 1977 666 tenebitur

223 710 408 777 audire
434 707 801 761 confessiones
826 707 883 758 in
908 705 1134 760 ecclesia
1158 706 1222 758 ab
1243 703 1496 771 episcopo
1514 699 1811 766 designata,
1846 707 1980 751 tem*—

227 808 357 861 pore
380 793 678 856 Adventus
700 790 1153 859 Quadragesimae‚
1177 805 1236 843 ac
1260 792 1382 847 aliis
1408 791 1830 859 quibuscunque
1850 787 1980 839 anni

230 878 580 944 temporibus»,
615 891 738 943 quae
761 876 1046 944 episcopus
1074 877 1154 930 illi
1181 876 1587 946 praescripscrit.

296 964 379 1015 29⁰
431 963 662 1014 Vacante
707 962 1024 1014 canonicatu
1070 962 1361 1030 theologali
1407 962 1491 1015 vol
1547 961 1981 1029 poenitentiario,

230 1064 526 1104 concursus
576 1048 985 1105 erithabendus
1018 1049 1162 1105 inter
1188 1064 1281 1103 eos
1307 1049 1404 1115 qui
1440 1047 1716 1100 licentiam
1743 1047 1828 1099 sui
1873 1045 1987 1111 epi-

232 1134 379 1201 scopi
406 1133 694 1186 habuerint
719 1134 783 1184 ad
810 1133 1261 1195 concurrendum,
1292 1142 1342 1185 et
1375 1135 1440 1187 ab
1460 1136 1716 1200 episcopo
1743 1133 1846 1185 loci
1872 1132 1989 1184 suc-

233 1220 343 1270 rint
373 1217 625 1278 admissi,
664 1224 723 1269 ut
750 1233 811 1269 ex
842 1219 1152 1285 approbatis
1190 1219 1247 1269 in
1295 1233 1562 1273 concursu
1592 1220 1643 1270 S.
1694 1218 1857 1269 Sedes
1901 1217 1987 1268 vel

236 1304 523 1370 episcopus
550 1302 711 1369 eligat
730 1302 900 1369 magis
926 1303 1203 1355 idoneum.
1226 1303 1335 1355 Alii
1359 1304 1470 1370 Jam
1486 1300 1734 1355 canonici
1762 1307 1989 1367 possunt

235 1399 578 1447 concurrere,
609 1384 656 1436 si
680 1386 885 1439 suerint
909 1388 1011 1440 rite
1036 1387 1276 1440 admissi.
1894 1384 1897 1385 ⁷

302 1476 385 1525 30⁰
411 1473 739 1527 Alternativa
761 1472 1061 1539 propositio
1090 1474 1256 1525 trium
1292 1473 1701 1526 candidatorum
1727 1472 1791 1523 ad
1823 1485 1988 1522 cano-

237 1560 474 1613 nicatum
500 1564 796 1620 vacantem,
823 1574 853 1611 a
882 1561 932 1612 S.
957 1560 1091 1612 Sede
1115 1574 1387 1623 concessa,
1412 1560 1593 1612 locum
1619 1557 1909 1612 nonhabet
1934 1555 1991 1607 in

238 1641 610 1694 nominatione
637 1642 883 1695 canonici
909 1642 1146 1711 theologi
1178 1644 1264 1697 vel
1289 1645 1698 1711 poenitentiarii,
1729 1646 1773 1696 si
1792 1660 1855 1698 ea
1878 1646 1995 1697 vice

236 1731 538 1788 nominatio
583 1729 648 1781 ad
694 1728 994 1794 capitulum
1033 1734 1275 1795 spectare
1311 1730 1619 1796 contigerit.
1660 1729 1994 1781 Alternativa

235 1814 540 1885 designatio
588 1814 995 1872 candidatorum
1050 1829 1212 1869 suum
1261 1832 1481 1870 cursum
1540 1821 1700 1872 debet
1757 1820 1955 1871 habere
1979 1856 1992 1878 ‚

236 1906 406 1967 veluti
447 1905 494 1965 si
521 1901 822 1964 nominatio
848 1900 1108 1968 theologi,
1144 1902 1560 1968 poenitentiarii,
1600 1904 1683 1956 vel
1715 1903 1998 1969 dignitatis

238 2006 347 2053 non
367 1988 781 2053 intercessisset.

304 2078 388 2128 31⁹
433 2077 497 2126 ln
522 2073 700 2140 primo
727 2078 999 2125 conventu
1024 2073 1371 2139 singulorum
1405 2089 1701 2138 annorum,
1753 2078 2003 2129 canonici

239 2164 440 2230 eligent
462 2159 801 2217 secretarium
823 2156 1072 2222 capituli,
1106 2158 1523 2222 thesaurarium,
1554 2166 1606 2214 et
1640 2162 1918 2212 sacristam
1943 2168 1995 2212 ct

238 2246 721 2308 coeramoniarium,
771 2257 868 2310 pro
910 2244 1073 2296 rebus
1109 2248 1161 2294 et
1208 2243 1535 2296 muneribus
1585 2245 1648 2296 ad
1694 2245 1994 2311 capitulum

239 2331 628 2399 spectantibus,

306 2418 390 2484 32⁰
416 2413 747 2479 Secretarius
771 2413 931 2473 dehet
955 2421 1199 2467 accurate
1223 2415 1583 2466 transcribere
1606 2422 1721 2466 acta
1746 2414 1998 2480 capituli,

243 2510 295 2556 et
318 2502 502 2565 omnia
535 2502 858 2561 documenta
889 2500 1067 2565 ipsius
1104 2499 1326 2551 nomine
1368 2499 1630 2551 mittenda
1668 2499 1753 2550 vel
1794 2506 2003 2566 recepta

245 2601 424 2650 coram
474 2592 585 2637 toto
633 2584 869 2649 capitulo
906 2586 1199 2652 praelegere
1247 2586 1421 2649 prima
1465 2586 1712 2636 sessione
1757 2586 2006 2652 proxime

247 2672 511 2736 habenda.
546 2671 626 2723 Ad
652 2669 889 2728 valorem
915 2668 1365 2723 documentorum
1394 2667 1697 2736 requiritur
1737 2669 2008 2735 appositio

248 2756 416 2823 sigilli
439 2755 753 2822 capitularis
773 2760 824 2809 et
849 2753 1176 2820 subscriptio
1205 2754 1544 2819 praepositiet
1582 2755 1891 2815 secretarii,
1921 2756 2004 2806 vei

250 2857 437 2894 eorum
468 2841 564 2907 qui
609 2838 924 2891 auctoritate
960 2838 1181 2904 capituli
1234 2836 1477 2903 ipsorum
1521 2839 1635 2890 vice
1677 2838 2002 2904 funguntur.

252 2925 508 2991 Custodia
535 2924 702 2990 sigilli
730 2930 809 2982 est
834 2924 977 2988 apud
1004 2923 1375 2991 praepositum,
1405 2929 1456 2974 et
1481 2924 1621 2989 apud
1659 2922 2008 2974 secretarium

251 3027 373 3063 cum
399 3012 610 3074 duabus
631 3008 873 3062 clavibus
902 3007 1152 3060 diversis,

314 3100 398 3156 33ο
432 3094 826 3149 'thesaurarius
875 3094 1139 3150 rationem
1174 3093 1232 3145 in
1265 3093 1510 3144 sessione
1556 3091 1797 3142 ,ianuarii
1826 3091 2010 3142 reddet

252 3184 317 3234 de
344 3182 601 3238 omnibus
635 3180 883 3247 pecuniis
920 3180 986 3233 ad
1016 3180 1313 3247 capitulum
1350 3179 1844 3245 quomodocunque
1880 3190 2007 3241 per-

255 3267 583 3324 tinentibus,
637 3273 685 3317 et
733 3266 935 3330 absque
998 3264 1218 3331 capituli
1272 3266 1486 3316 decreto
1532 3262 1653 3312 illas
1700 3260 2008 3325 expendere

261 3351 467 3418 nequit.
