2470 4198
839 620 1259 688 EPISTULA
1307 608 1657 679 PATRUM

475 815 551 860 Ao
587 813 1014 862 smc'rissumn
1046 807 1312 859 commun
1343 780 1620 853 NOSTRUM
1651 793 1791 842 rum
1823 791 1910 837 pp.
1946 787 2022 834 lx.

582 1199 896 1249 Beatissimo
923 1198 1094 1255 Pater,

442 1338 554 1390 Etsi
595 1351 717 1388 cum
761 1336 999 1401 primum
1025 1348 1055 1385 a
1084 1332 1425 1387 Beatitudine
1458 1333 1645 1382 Vestra
1677 1329 1834 1382 nobis
1874 1342 2128 1380 concessa

377 1422 483 1474 fuit
517 1421 882 1474 ecclesiastica
922 1416 1265 1478 Hierarchia,
1306 1412 1443 1482 grati
1481 1414 1653 1466 nostri
1694 1412 1863 1465 animi
1903 1425 2126 1462 sensum

379 1521 476 1571 per
499 1505 704 1557 litteras
729 1502 1031 1570 significare
1055 1515 1166 1553 non
1199 1499 1601 1566 neglexerimus
1623 1535 1636 1560 ‚
1662 1514 1808 1551 nunc
1831 1504 2010 1550 tamen
2031 1534 2045 1560 ‚
2071 1498 2131 1548 in

377 1588 561 1641 nostro
586 1587 763 1654 primo
804 1586 1127 1653 provinciali
1165 1585 1395 1638 concilio
1420 1583 1639 1637 adunati
1661 1620 1675 1646 ‚
1702 1584 1805 1635 hoc
1825 1583 1995 1635 veluti
2038 1583 2134 1634 in-

382 1674 539 1739 coepti
560 1672 732 1724 nostri
758 1671 1088 1738 principium
1114 1685 1231 1722 esse
1261 1670 1517 1722 duximus
1534 1709 1546 1732 ‚
1573 1675 1634 1721 ut
1657 1670 1837 1722 denuo
1863 1671 1927 1722 ad
1957 1684 2134 1721 sacros

380 1760 438 1809 B.
467 1758 532 1807 V.
562 1757 725 1822 pedes
748 1755 1061 1807 accedentes
1082 1791 1096 1816 ‚
1131 1754 1264 1820 quid
1288 1754 1354 1805 de
1381 1759 1527 1808 tanto
1555 1754 1834 1816 beneficio,
1865 1770 2011 1806 nunc
2034 1770 2129 1806 ex-

383 1839 651 1906 perientia
677 1838 838 1902 docti,
867 1838 1185 1899 sentiamUS‚
1213 1843 1326 1889 toto
1347 1838 1522 1890 cordis
1547 1837 1742 1891 affectu
1768 1839 2085 1904 pandamus,

450 1926 515 1976 Et
561 1923 810 1990 quamvis
828 1961 842 1985 ‚
894 1938 1018 1975 cum
1068 1923 1200 1974 actis
1243 1922 1407 1988 hujus
1450 1923 1847 1990 qualiscunque
1897 1924 2135 1991 synodi,

386 2008 608 2060 uberior
635 2022 819 2058 rerum
843 2021 874 2058 a
905 2007 1062 2058 nobis
1086 2012 1424 2073 peractarum
1456 2009 1506 2059 S.
1533 2008 1738 2060 Vestrae
1773 2008 1909 2061 ratio
1949 2008 2139 2060 redde-

385 2099 492 2154 tur,
521 2091 797 2143 voluimus
835 2097 1040 2151 tamen,
1076 2095 1127 2141 et
1162 2090 1383 2155 speciali
1415 2091 1633 2143 decreto
1663 2092 1992 2144 sancivimus
2013 2130 2026 2153 ‚
2053 2098 2135 2153 ut,

386 2177 706 2242 priusquam
731 2175 1105 2227 absolveretur
1140 2175 1473 2238 Concilium,
1507 2175 1762 2241 epistola,
1790 2177 1855 2227 ab
1881 2175 2136 2227 omnibus

386 2261 653 2328 episcopis
697 2259 1019 2325 subscripta,
1044 2258 1372 2311 Beatitudini
1398 2260 1604 2311 Vestrae
1633 2258 1851 2310 filialem
1885 2263 2132 2309 nostrum

386 2349 637 2400 affectum
662 2347 1055 2412 comprobaret,
1071 2344 1426 2411 animumque
1443 2344 1607 2395 simul
1624 2342 2010 2409 gratissimum,
2028 2356 2143 2407 quo

392 2434 443 2483 S.
470 2433 536 2482 V.
564 2430 818 2497 praeclara
849 2429 908 2480 in
939 2444 1039 2480 nos
1066 2428 1259 2480 merita
1278 2428 1683 2494 prosequimur.

456 2516 588 2577 Quae
613 2515 834 2580 quidem
882 2513 930 2564 si
961 2512 1073 2579 jam
1114 2518 1240 2564 ante
1275 2504 1610 2579 amplissima
1649 2520 1799 2564 erant
1823 2519 1876 2565 et
1899 2513 2097 2564 eximia
2122 2550 2135 2573 ‚

392 2615 538 2654 nunc
561 2586 892 2651 immensum
915 2602 1095 2662 aucta,
1122 2598 1401 2663 novisque
1422 2597 1701 2649 beneficiis
1727 2598 1998 2650 cumulata
2017 2613 2135 2650 cer-

391 2688 594 2748 nimuS,
619 2699 797 2758 perca
820 2698 941 2749 quae
967 2683 1086 2734 sive
1103 2683 1431 2734 erectionem
1471 2683 1833 2749 capitulorum
1860 2684 2138 2736 cathedra-

392 2773 560 2833 lium,
596 2772 711 2823 sive
735 2783 980 2821 normam
1009 2783 1107 2834 pro
1132 2768 1598 2821 commendatione
1638 2768 1703 2819 ad
1743 2768 2135 2834 episcopatum,

393 2858 508 2909 sive
534 2855 772 2921 denique
807 2867 1002 2905 novam
1039 2852 1323 2919 regiminis
1368 2851 1480 2904 fere
1519 2852 1842 2918 parochialis
1891 2853 2142 2915 formam,

397 2926 729 3008 respiciunt;¹
754 2953 876 3002 quaa
920 2935 1102 2988 omnia
1144 2937 1276 2987 adeo
1309 2937 1582 3002 sapienter
1621 2937 1787 2988 simul
1821 2944 1873 2990 et
1907 2938 2142 3004 benigne

399 3024 618 3090 elargiri
660 3025 718 3073 B.
759 3023 824 3073 V.
867 3021 1084 3087 dignata
1117 3025 1214 3070 est.
1248 3021 1309 3070 In
1341 3020 1425 3071 his
1457 3020 1602 3072 enim
1646 3022 1900 3073 omnihus
1944 3023 2143 3088 pignus

400 3108 608 3159 fiducias
628 3112 680 3158 et
703 3106 902 3158 amoris
919 3104 1130 3171 paterni
1149 3104 1604 3170 recognoscimuS‚
1622 3119 1732 3156 non
1752 3105 1808 3156 in
1825 3120 1922 3157 nos
1945 3106 2140 3166 solum,

403 3193 497 3243 sed
522 3198 572 3243 et
596 3192 654 3242 in
677 3191 943 3257 optimum
963 3189 1171 3255 Angliae
1192 3188 1418 3250 clerum,
1437 3189 1533 3255 qui
1559 3194 1770 3241 nostros
1794 3190 2024 3251 laboreS‚
2050 3202 2146 3239 no-

407 3282 650 3340 strasque
680 3289 947 3326 aerumnas
972 3272 1284 3324 fidelissime
1310 3271 1592 3323 nobiscum
1615 3272 1826 3323 dividit.

475 3360 580 3412 Sed
629 3360 766 3424 quid.
802 3361 868 3411 de
904 3356 1206 3409 innumeris
1245 3371 1383 3422 pene
1427 3356 1808 3407 emolumentis
1861 3357 2139 3416 dicemuS,
