2470 4198
1122 580 1182 585 „-
1210 553 1266 598 (59
1299 579 1355 585 „-

353 645 613 706 existaut‚
665 647 818 697 sedes
858 646 1310 708 confessionales‚
1370 661 1467 714 pro
1495 659 1722 698 numero
1749 647 2106 699 sacerdotum.

352 731 403 781 Si
440 732 589 783 locus
622 747 728 784 uon
768 733 936 796 sinat,
990 734 1230 801 episcopi
1269 733 1478 802 judicio
1531 747 1613 784 res
1667 738 1748 784 est
1796 733 2107 787 deserenda.

354 819 649 871 Mulierum
677 819 1047 873 consessiones
1084 819 1282 871 nullibi
1317 818 1424 871 nisi
1475 819 1530 869 in
1566 818 1949 872 confessionali
1973 821 2112 888 [sunt

351 902 710 968 excipiendas,
758 905 865 955 nisi
902 903 1189 956 infirmitas
1234 903 1319 956 vel
1368 902 1604 971 surditas
1648 903 1804 955 aliter
1867 906 2107 958 suadeat.

352 986 644 1039 sedetiam
691 994 817 1039 tunc
870 988 1129 1040 mulieres
1164 987 1367 1040 inloco
1412 992 1654 1053 patente,
1702 987 1798 1040 ubi
1844 989 2001 1042 facile
2045 993 2111 1043 ab

349 1068 471 1120 aliis
516 1078 741 1138 possunt
779 1072 977 1133 videri,
1031 1072 1341 1124 audiantur.

415 1156 467 1204 2⁰
505 1156 565 1207 In
618 1156 1002 1209 confessionali
1050 1155 1232 1207 sedeat
1280 1155 1561 1217 sacerdos,
1615 1161 2012 1227 superpelliceo
2060 1169 2112 1216 et

350 1238 486 1289 stola
512 1239 748 1293 violacea
790 1242 1033 1293 indutuS.

414 1325 465 1372 3ο
500 1326 661 1377 Pueri
701 1327 812 1379 doli
860 1339 1110 1393 capaces,
1185 1325 1250 1375 ad
1302 1324 1706 1377 consessionem
1763 1342 1873 1379 non
1930 1330 2108 1384 solum

348 1408 667 1470 admittendi
697 1412 789 1463 scd
835 1410 1135 1463 attrahendi
1174 1406 1351 1472 ⁴sunt3
1416 1409 1613 1476 eisque
1672 1411 1772 1462 rite
1828 1412 2113 1480 dispositis

348 1492 619 1545 absolutio
650 1495 840 1546 danda.
887 1495 1066 1557 Quare
1113 1508 1222 1545 non
1259 1494 1571 1560 probandus
1622 1510 1757 1547 usus
1805 1499 2109 1553 absolutio·

349 1586 470 1628 nem
529 1576 839 1638 differendi,
892 1578 1064 1630 donec
1110 1577 1175 1629 ad
1227 1578 1459 1644 primam
1519 1580 1963 1634 communionem
2012 1586 2108 1636 ad-

354 1665 652 1715 mittantur.
681 1664 783 1715 Sed
808 1678 837 1715 e
862 1668 1063 1725 contra,
1092 1677 1306 1714 summa
1331 1663 1619 1730 diligentia
1646 1663 1808 1715 etiam
1856 1664 2110 1717 rudiores

343 1757 394 1803 ct
429 1748 707 1802 crassioris
750 1747 950 1799 indolis
1000 1747 1159 1814 pueri
1209 1753 1335 1799 sunt
1360 1746 1686 1814 disponendi
1716 1747 1908 1799 adhoc
1938 1764 2113 1803 sacra-

349 1839 612 1887 mentum.
873 1844 878 1847 ‘

405 1920 455 1970 [ιο
490 1917 1037 1986 Medicinalis·hujus
1095 1918 1426 1971 Sacramenti
1459 1918 1597 1969 ratio
1644 1918 1819 1985 poscit
1843 1925 1903 1971 ut
1927 1935 2105 1987 quan-

350 2007 522 2058 tocius
577 2011 698 2071 post
752 2004 948 2057 lethale
980 2005 1186 2071 peccati
1209 2004 1410 2057 vulnus
1458 2002 1770 2069 recipiatur.
1819 2005 2110 2071 Propterea

345 2105 454 2143 non
488 2091 692 2157 absque
736 2105 896 2143 causa
936 2090 1105 2156 justa,
1158 2090 1223 2141 ad
1275 2089 1425 2140 aliud
1469 2093 1687 2155 tempus
1728 2089 1847 2142 siue
1895 2091 2110 2143 absolu-

346 2176 492 2227 tione
517 2175 989 2242 remandaffdiqui
1035 2179 1251 2242 peccata
1298 2174 1528 2227 contrite
1570 2173 1917 2229 confitentur.
1967 2176 2109 2226 Proe·

340 2261 526 2312 sertim
552 2275 681 2313 vero
714 2275 1103 2313 conversorum
1132 2260 1390 2332 ad'fidem
1417 2258 1791 2311 confessiones
1818 2261 2105 2326 generales

342 2358 450 2397 non
479 2350 607 2397 sunt
631 2345 696 2396 ad
730 2345 1055 2397 diuturnum
1082 2349 1298 2409 tompus
1326 2343 1727 2409 protrahendae3
1761 2344 1855 2395 sed
1896 2345 1942 2394 si
1975 2346 2104 2397 satis

343 2427 593 2479 instructi
617 2427 999 2489 inveniantur,
1051 2430 1102 2478 et
1130 2425 1344 2479 sincero
1372 2425 1551 2477 cordis
1584 2426 1773 2481 dolore
1820 2430 1953 2481 vtacti
2003 2448 2099 2484 ve-

343 2512 488 2562 niam
533 2516 745 2577 petant,
798 2524 916 2562 cam
961 2509 1387 2561 misericorditer
1434 2508 1571 2575 ipsis
1617 2509 1961 2577 impertiatur
2004 2517 2104 2568 Dei

342 2598 755 2650 clementissimi
803 2598 1072 2650 minister.
1125 2599 1281 2661 Quod
1307 2598 1353 2649 si
1381 2599 1449 2650 de
1471 2598 1788 2650 rudioribus
1825 2599 2103 2652 conversis

335 2681 553 2749 agatur,
604 2683 752 2747 ipsos
799 2684 937 2734 bene
987 2682 1189 2734 instrui
1243 2688 1423 2745 curet,
1465 2688 1756 2751 antequam
1795 2684 1861 2735 ad
1913 2685 2098 2736 Sacra-

342 2774 523 2821 menta
548 2767 810 2820 admittat.

406 2857 456 2907 5⁰
493 2855 593 2907 Sed
620 2855 779 2906 etiam
809 2854 1102 2907 catholicos
1142 2870 1280 2921 quos
1320 2855 1633 2921 ignorantes
1679 2853 2102 2920 deprehenderit

325 2933 427 2991 'vel
451 2938 756 3005 suspicatus
780 2938 975 3001 suerit,
1003 2939 1296 3006 diligenter
1325 2940 1390 2992 de
1415 2939 1694 3006 mysteriis
1719 2938 1843 2990 fidei
1875 2937 2102 2990 interro-

342 3028 455 3089 get,
501 3029 552 3075 et
585 3038 695 3075 non
724 3015 833 3078 nisi
873 3029 1005 3080 satis
1031 3029 1326 3081 instructos
1352 3029 1589 3081 ulterius
1614 3029 1911 3096 procedere
1936 3027 2095 3079 sinat.

341 3110 600 3160 Praeterea
624 3110 938 3177 hujusmodi
964 3113 1240 3176 homines'‚
1271 3120 1322 3167 et
1361 3129 1562 3182 pueros
1585 3113 1918 3180 praesertim,
1959 3113 2098 3180 aptis

340 3194 856 3260 interrogationibus
882 3196 1133 3266 adjuvare
1164 3200 1403 3261 studeat,
1452 3206 1512 3250 ut
1563 3184 1925 3252 confessionis
1949 3196 2091 3249 inte—

339 3277 586 3341 gritatem
622 3283 673 3329 ct
696 3279 989 3333 claritatem
1019 3283 1203 3334 reddat
1229 3282 1534 3334 certiorem.

402 3367 451 3414 θ’
486 3364 765 3418 Fidelibus
791 3364 1024 3417 liberum
1053 3371 1132 3417 est
1162 3365 1323 3417 etiam
1352 3365 1408 3416 in
1435 3366 1689 3420 Paschatc
1721 3366 1862 3434 apud
1896 3381 2089 3433 quem-
