2470 4198
1038 531 1274 575 —02--

341 625 438 675 Die
467 626 544 684 12,
573 624 705 676 feria
732 629 798 688 ll,
827 627 955 678 hora
987 642 1147 688 nona,
1177 628 1356 679 hahita
1391 633 1470 679 est
1495 627 1840 694 congregatio
1864 641 2029 691 quar-

278 717 325 762 ta
369 713 673 778 generali83
717 720 768 765 et
806 714 936 766 hora
985 716 1270 767 undecima
1318 728 1507 766 omnes
1552 716 1927 771 recesserunt,
1976 718 2026 762 et

278 804 395 860 post
419 798 709 849 dimidium
735 799 881 851 hora}
908 802 1087 852 Patres
1102 801 1179 868 ‘in
1215 801 1499 852 eeclesiam
1534 798 1739 851 reversi
1776 803 1933 856 sunt,
1967 804 2027 847 ut

276 884 342 936 de
384 885 507 936 aliis
562 885 791 938 decretis
857 884 1119 936 faciendis
1166 891 1470 937 tractarent.
1528 884 1891 937 Commissum
1950 888 2029 932 est

277 969 545 1035 episeopis
591 970 966 1035 Newportensi
995 975 1046 1020 et
1076 969 1454 1036 Plymuthensi
1498 972 1780 1035 negotium
1827 988 2031 1039 proepa-

278 1040 430 1105 randi
459 1053 771 1105 methodum
798 1053 1149 1125 procedendi,
1181 1054 1238 1104 in
1265 1055 1442 1106 causis
1475 1070 1504 1105 a
1542 1055 1919 1107 Commissione
1944 1058 2027 1109 in-

278 1138 645 1203 restiqatione's
673 1138 1069 1189 examinandis,

343 1226 487 1275 Hora
506 1223 681 1284 tertia,
701 1222 837 1274 faeta
870 1229 949 1274 est
976 1225 1322 1291 congregatio
1355 1226 1624 1290 generalis
1666 1228 1874 1293 quinta,
1913 1246 2034 1296 qua·v

277 1315 397 1374 post
421 1308 718 1359 discessum
751 1306 1129 1375 theologorum
1156 1310 1470 1361 continuata
1494 1318 1574 1363 est
1596 1314 1660 1363 ad
1694 1312 1881 1364 horam
1905 1329 2031 1366 sex-

279 1404 384 1448 tam
419 1417 429 1448 :
461 1404 512 1448 et
545 1400 838 1461 resumpta,
867 1395 998 1446 hora
1016 1400 1208 1447 octava
1224 1411 1348 1447 eum
1374 1396 1623 1458 dimidie,
1652 1396 1875 1448 nonnisi
1901 1397 2033 1448 hora

281 1472 569 1532 undecima
594 1482 757 1531 finem
782 1479 991 1531 habuit.

928 1621 1102 1657 SESSEO
1137 1622 1396 1659 SECUNDA.

342 1727 440 1779 Die
470 1727 550 1787 13,
587 1726 723 1780 feria
754 1730 910 1783 tertia
937 1768 950 1790 ‚
998 1730 1164 1782 missa
1212 1733 1279 1784 de
1333 1733 1540 1799 Spiritu
1585 1739 1768 1784 saneto
1805 1735 1871 1785 ab
1910 1734 2037 1785 illu-

278 1814 546 1866 strissimo
599 1823 650 1867 et
692 1816 1150 1869 reverendissimo
1185 1818 1439 1882 episeopo
1477 1816 1854 1868 Beverlaeensi
1900 1817 2038 1869 eele-

278 1902 425 1951 brata
444 1907 540 1951 est.
570 1891 693 1952 Post
715 1901 1071 1967 Evangelium
1094 1915 1403 1952 sermonem
1429 1900 1619 1951 habuit
1644 1902 1774 1952 Rev.
1798 1903 1855 1952 Ρ.
1883 1904 2036 1954 New-

278 2002 403 2038 man
463 1986 898 2055 congregationis
950 1986 1185 2036 Oratorii
1233 1981 1777 2051 Birminghamiensis
1829 1997 2037 2048 praepo-

281 2070 437 2123 situs,

345 2160 469 2209 Post
494 2159 714 2211 missam
746 2158 925 2211 habita
951 2163 1030 2209 est
1061 2157 1232 2208 sessio
1266 2155 1504 2208 secunda
1523 2192 1537 2216 ‚
1567 2155 1625 2206 in
1648 2170 1754 2221 qua
1780 2155 1886 2207 lata
1912 2164 2039 2208 sunt

278 2241 493 2293 decreta
516 2244 591 2292 De
619 2244 719 2308 fide
745 2245 1077 2299 orthodooea;
1111 2244 1186 2292 De
1212 2242 1384 2293 modis
1402 2241 1586 2291 tuendi
1610 2241 1790 2306 fidem:
1814 2242 1889 2289 De
1910 2256 2038 2306 pro—

275 2327 500 2391 fessione
547 2329 670 2393 fidei
717 2330 1021 2385 emittenda;
1062 2330 1137 2378 De
1174 2327 1473 2380 hierarchia
1486 2343 1502 2382 ‚·
1538 2327 1613 2375 De
1645 2323 1922 2388 capitulis;
1965 2325 2040 2372 De

279 2413 619 2463 sacramentis
646 2413 701 2463 in
724 2430 932 2480 qenere;
956 2416 1031 2464 De
1057 2414 1337 2478 baptism0‚
1369 2418 1420 2463 et
1443 2413 1517 2461 De
1544 2412 1966 2477 confirmatione.

347 2501 528 2549 Patres
567 2501 925 2551 decreverunt
974 2496 1302 2549 laudandum
1350 2511 1488 2555 esse,
1541 2500 1591 2546 et
1639 2494 1863 2560 speciali
1911 2510 2035 2545 eum

282 2579 461 2647 elogio
487 2584 1051 2644 commemorandum,
1090 2595 1398 2634 sermonem
1432 2594 1463 2631 a
1502 2581 1558 2630 P.
1595 2581 1853 2631 Newman
1887 2579 2040 2631 hahi-

286 2681 401 2724 tum
426 2673 491 2724 ad
519 2671 759 2723 missam.

347 2757 636 2823 Prorogata
662 2755 741 2809 est
768 2756 940 2808 sessio
971 2756 1036 2808 ad
1075 2754 1267 2807 feriam
1295 2754 1340 2803 V
1367 2770 1381 2814 ;
1433 2757 1485 2804 et
1509 2752 1849 2819 propositum
1878 2759 1958 2803 est
1983 2760 2043 2803 ut

285 2845 455 2897 sessio
480 2845 640 2898 tertia
677 2844 905 2896 Sabbato
948 2843 1118 2894 fieret.
1149 2839 1632 2892 Eminentissimus
1679 2839 2040 2904 arehiepisco-

282 2944 387 2995 pus
408 2930 618 2997 rogavit
642 2944 672 2981 a
695 2928 963 2989 Patribus,
993 2934 1053 2978 ut
1083 2928 1203 2978 sine
1229 2941 1368 2977 nova
1390 2925 1765 2991 propositione
1791 2927 2038 2979 decreto-

286 3032 405 3069 rum
432 3017 548 3068 fieri
588 3019 810 3083 possent
849 3014 907 3064 in
940 3013 1010 3064 iis
1049 3012 1414 3065 correctiones
1457 3027 1605 3064 mere
1649 3013 1892 3064 verbaies
1920 3029 2042 3080 qua}

287 3118 473 3155 earum
497 3103 856 3154 substantiam
883 3115 994 3152 non
1028 3100 1375 3165 attingerent.

351 3195 574 3257 Propter
597 3189 1033 3256 prorogationem
1054 3223 1067 3246 ‚
1109 3200 1218 3236 non
1259 3184 1395 3235 faeta
1438 3190 1518 3235 est
1557 3187 1729 3237 oratio
1756 3186 2006 3238 mentalis
2026 3225 2038 3243 ‚

288 3282 379 3332 sed
450 3277 916 3328 eminentissin'ius
982 3275 1416 3327 benedis-tionem
1486 3272 1751 3339 theologis
1807 3272 2040 3338 aliisque

291 3369 470 3419 denuo
502 3365 753 3418 admissis
780 3360 1089 3426 impertitus
1118 3366 1215 3410 est.
