2470 4198
1260 525 1317 531 ...-
1349 497 1406 542 50
1441 522 1498 528 -

508 611 512 615 ’
570 601 619 657 '5⁴
646 602 984 655 Professores
1009 602 1059 650 S.
1090 595 1376 662 theologiae
1400 599 1450 645 et
1475 589 1832 658 philosophiae
1854 590 1913 641 in
1939 584 2247 642 seminariis

500 698 550 743 et
575 690 838 758 collegiis,

925 770 990 820 X.
1024 770 1098 819 De
1122 764 1419 819 hierarchia
1446 761 1813 813 ecclesiastica.

493 887 513 915 ὅ
559 879 834 947 Quidquid
858 870 1211 928 emolumenti
1233 886 1298 921 ex
1316 869 1414 920 hac
1433 867 1647 934 Synodo
1670 864 1729 915 in
1747 868 1956 917 nostras
1990 864 2244 919 dioeceses

491 969 890 1020 dimanaturum
919 957 1258 1017 confidimuS,
1284 955 1339 1006 id
1363 952 1635 1020 imprimis
1659 966 1689 1003 a
1713 957 2012 1003 restaurata
2036 952 2243 1005 hierar-

490 1050 611 1101 chia
653 1045 1013 1100 ecclesiastica
1044 1047 1124 1095 est
1147 1037 1526 1109 proculdubio
1550 1037 1923 1103 repetendum.
1956 1036 2059 1087 Vix
2096 1037 2239 1088 enim

490 1141 603 1187 erat
647 1133 970 1200 sperandum
987 1168 1001 1193 ,
1065 1132 1315 1181 manente
1361 1123 1670 1190 antiquiore
1714 1123 1998 1188 regiminis
2034 1123 2237 1186 forma,

487 1224 769 1289 episcopos
794 1217 1049 1285 synodali
1069 1219 1340 1269 conventu
1360 1213 1474 1265 fore
1497 1210 1829 1272 adunandOS,
1856 1216 1907 1263 et
1932 1226 1994 1262 ea
2016 1225 2120 1277 qua
2145 1225 2241 1277 par
2299 1280 2307 1286 .

488 1313 567 1358 est
608 1305 952 1363 auctoritate,
1004 1303 1069 1354 de
1113 1302 1278 1352 rebus
1326 1297 1702 1350 ecclesiasticis
1754 1298 1966 1348 decreta
2011 1296 2217 1350 laturos

487 1389 727 1441 Solemni
763 1388 932 1454 igitur
965 1387 1125 1438 modo
1163 1387 1276 1438 Deo
1325 1385 1543 1450 agendae
1574 1387 1700 1434 sunt
1737 1382 1942 1448 gratiae,
1988 1382 2081 1447 qui
2125 1390 2236 1434 non

481 1473 607 1525 fecit
634 1473 811 1524 taliter
841 1470 989 1522 omni
1014 1470 1240 1531 nationi,
1269 1469 1362 1521 sed
1386 1468 1543 1519 nobis
1567 1473 1673 1518 tam
1695 1468 2012 1533 praeclarum
2034 1483 2237 1522 munus

483 1564 533 1609 ct
561 1557 776 1622 insigne
802 1555 888 1607 sui
912 1555 1111 1606 amoris
1136 1553 1334 1619 pignus
1360 1551 1670 1618 impertitus
1701 1556 1798 1602 est.

550 1641 651 1691 Sed
674 1641 838 1690 etiam
864 1638 1204 1691 sanctissimo
1228 1638 1450 1689 domino
1476 1637 1571 1689 Pio
1595 1637 1777 1690 divina
1790 1639 2135 1692 Providentia
2147 1644 2242 1694 Pa-

480 1739 561 1790 13oe
575 1725 669 1781 IX,
707 1721 1059 1773 devotissimo
1082 1720 1260 1772 cordis
1283 1720 1478 1771 affec-tu
1499 1725 1626 1771 sunt
1655 1726 1828 1787 grates
1853 1724 2230 1788 rependendae,

481 1811 636 1876 cujus
671 1808 729 1858 in
753 1821 854 1858 nos
891 1807 1150 1873 propensi
1182 1810 1234 1857 et
1262 1805 1474 1871 paterni
1502 1807 1670 1860 animi
1697 1816 2078 1871 argumentum
2106 1811 2236 1863 inde

482 1892 806 1959 accepimuS,
835 1892 981 1958 quod
998 1892 1063 1943 ad
1087 1898 1295 1944 nostras
1322 1892 1562 1961 clerique
1584 1910 1770 1961 preces
1801 1895 2113 1958 inclinatuS,
2140 1898 2237 1949 diu

475 1976 742 2041 anxieque
772 1982 1039 2041 speratam
1061 1975 1418 2028 hierarchiam
1454 1977 1847 2044 benignissime
1886 1981 2231 2032 concesserit³

476 2071 776 2130 Antequam
825 2062 994 2129 igitur
1035 2060 1136 2111 hoc
1170 2062 1462 2114 concilium
1500 2063 1829 2125 absolvatur,
1870 2065 2124 2116 volumus
2170 2074 2232 2118 ut

481 2153 674 2202 litterae
696 2150 760 2201 ad
789 2146 1190 2199 sanctissimum
1214 2146 1497 2197 dominum
1523 2147 1951 2209 conscribantur,
1980 2153 2142 2214 atque
2165 2152 2232 2201 ab

475 2239 727 2290 omnibus
751 2236 997 2287 Patribus
1022 2232 1459 2292 subscribantur,
1484 2231 1543 2281 in
1577 2231 1777 2297 quibus
1803 2247 1947 2283 unus
1976 2234 2224 2285 omnium

470 2328 716 2373 nostrum
762 2317 943 2370 filialis
988 2316 1209 2368 affectus
1242 2322 1554 2368 reverenter
1596 2317 1947 2383 exprimatur,
1994 2325 2045 2371 et
2089 2323 2223 2386 grati

470 2406 640 2456 nostri
668 2403 836 2455 animi
865 2400 1257 2459 testimonium,
1283 2413 1381 2464 pro
1406 2398 1508 2451 hoc
1531 2401 1829 2465 praesertim
1852 2403 2133 2466 beneficiO,
2158 2405 2221 2456 ad

466 2490 646 2554 ipsum
668 2487 956 2539 deferatur.

877 2610 973 2660 XI.
1000 2610 1074 2659 De
1100 2607 1350 2674 capitulis
1382 2606 1785 2661 cathedralibuS.

463 2713 471 2727 '
531 2711 788 2773 Quamvis
833 2711 900 2762 ab
947 2711 1255 2777 Apostolica
1297 2712 1448 2774 Sede,
1498 2726 1596 2777 per
1638 2713 1802 2765 breve
1840 2716 2213 2781 Apostolicuni

465 2800 552 2850 die
601 2801 664 2849 19
690 2800 1008 2851 Novembris
1053 2802 1181 2853 1850
1215 2800 1425 2861 datum,
1465 2813 1781 2861 concessum
1822 2802 2215 2868 benignissime

462 2880 646 2943 fuerit,
667 2886 726 2933 ut
744 2883 1123 2950 unusquisque
1139 2885 1424 2950 episcopus
1442 2884 1736 2949 capitulum
1759 2886 1968 2951 erigere
1987 2887 2211 2949 valeret,-

456 2969 677 3034 jamque
713 2969 771 3019 in
804 2983 1130 3035 unaquaque
1168 2969 1281 3022 sere
1317 2972 1563 3034 dioecesi,
1606 2970 1803 3023 virtute
1843 2974 2209 3026 concessionis

461 3052 792 3118 hujusmodi,
822 3055 1116 3121 capitulum
1143 3055 1384 3122 legitime
1403 3058 1754 3108 constitutum
1782 3059 1991 3121 existat,
2011 3059 2213 3125 placuit

461 3146 639 3193 tamen
677 3147 737 3192 ut
778 3141 843 3191 ad
877 3139 1179 3205 pleniorem
1224 3140 1387 3207 hujus
1423 3142 1783 3197 institutionis
1824 3144 2208 3209 cognitionem,

463 3224 550 3275 hic
595 3229 950 3292 apponantur,
996 3240 1055 3277 ac
1097 3226 1156 3276 in
1199 3231 1523 3291 perpetuum
1571 3243 1837 3284 mansurae
1883 3232 2203 3287 recolantur,

454 3309 619 3378 legeS,
639 3327 698 3363 ac
721 3312 826 3364 alia
849 3310 979 3363 illuc
1003 3309 1349 3376 pertinentia,
1365 3310 1474 3376 jam
1500 3313 1717 3378 quidem
1743 3315 1971 3370 decretis
2003 3315 2052 3364 S.
2082 3326 2208 3364 con*
