2470 4198
1054 548 1230 607 -159
1259 573 1318 580 -

292 657 487 713 renteS‚
555 648 867 701 relationem
936 659 1049 696 suae
1114 640 1547 709 investigationis
1618 640 1682 692 ad
1742 637 2046 692 Concilium

292 719 557 778 deserant,
586 721 645 768 ut
676 715 750 768 ita
774 713 923 766 nulla
954 712 1040 763 via
1068 711 1329 763 intentata
1379 707 1720 774 relinquatur
1746 707 1810 758 ad
1856 719 2044 758 verum

292 785 568 840 moraliter
590 788 738 835 certo
764 779 1221 849 cognoscendum.

1027 1018 1327 1055 ...ψ-

1122 1187 1221 1238 XI.

961 1327 963 1331 ’
986 1323 1387 1378 INSTRUCTIO

692 1468 760 1503 ΒΕ
795 1464 1048 1504 CUSTODIA
1071 1462 1261 1499 FONTIS
1294 1461 1641 1499 BAPTISMALIS

456 1575 544 1626 Ex
567 1574 713 1626 Actis
736 1570 966 1625 Concilii
986 1566 1204 1621 Mediol.
1235 1568 1485 1633 provinc.
1517 1569 1599 1619 IV
1620 1574 1885 1633 excerpta„

1050 1749 1277 1758 ——-—

522 1875 666 1926 Fons
690 1871 1020 1941 baptismalis
1047 1888 1151 1940 qua
1175 1875 1383 1924 ratione
1407 1867 1810 1923 construendum

358 1999 500 2049 Fons
524 1994 859 2062 baptismalis
880 2010 908 2047 e
930 2007 1217 2056 marmore,
1245 1998 1337 2046 aut
1353 2008 1381 2045 c
1408 1993 1583 2046 solido
1602 1994 1779 2064 lapide
1807 1998 2013 2047 constet
2032 2013 2051 2044 ε.

290 2063 388 2138 qui
425 2063 471 2115 si
508 2077 618 2129 prae
654 2061 902 2130 rimulis2
940 2062 1110 2123 alia-ve
1147 2056 1354 2130 ratione
1392 2060 1661 2126 ejusmodi
1687 2068 1785 2124 est,
1826 2067 1886 2113 ut
1910 2060 2045 2126 *inde

294 2145 434 2198 aqua
458 2129 658 2181 sensim
688 2127 889 2192 effluat,
913 2128 1049 2199 lapis
1069 2128 1209 2180 alius
1231 2129 1369 2180 bene
1383 2127 1592 2191 firmu5‚
1620 2130 1849 2191 solidiiS,
1877 2142 1937 2180 ac
1966 2134 2055 2182 tuf

293 2204 382 2260 tus
409 2195 814 2263 quamprimum
841 2201 1200 2261 comparetur.
1592 2197 1598 2203 ’
1681 2196 1687 2201 ”

360 2263 572 2314 Interea
602 2276 740 2328 vero,
766 2261 829 2314 ad
868 2276 1060 2330 aquam
1096 2259 1472 2329 baptismalem
1493 2266 1611 2315 tuto
1643 2260 2044 2321 continendam,

290 2328 529 2384 dumille
552 2329 686 2380 alter
702 2335 940 2394 paretur3
959 2343 1069 2380 non
1091 2343 1183 2380 vas
1206 2328 1366 2379 fictile
1386 2328 1678 2381 alteriusve
1698 2328 1934 2395 genem,
1952 2327 2050 2377 sed¹

293 2410 525 2456 aereum,
559 2399 770 2459 stamno
796 2398 861 2448 ab
887 2395 1139 2460 interiori
1162 2400 1312 2461 parte
1348 2394 1571 2457 illitum,
1598 2401 1744 2447 tanta
1774 2393 2046 2460 magnitu-

293 2463 421 2515 dine
444 2467 645 2527 quanta
666 2460 861 2526 lapidis
886 2462 1125 2514 vacuitas
1150 2467 1229 2513 est
1254 2461 1328 2512 ita
1351 2461 1602 2526 ponatur,
1632 2473 1692 2513 ut
1715 2461 2046 2512 intrinsecus

296 2528 456 2589 illum
506 2527 750 2592 undique
786 2528 1014 2596 strictim
1055 2529 1325 2595 attingens
1346 2565 1359 2589 ‚
1416 2529 1666 2595 beneque
1710 2531 2047 2594 compactum

297 2594 471 2659 eidem
506 2592 844 2645 cohaerescat.
1358 2593 1369 2599 ’

362 2662 568 2711 Habeat
592 2659 992 2728 operimentum
1019 2663 1104 2728 vel
1150 2661 1418 2713 ciborium
1466 2662 1531 2712 ad
1577 2675 1725 2713 sac-ra
1770 2661 1888 2712 olea
1931 2663 2049 2710 tuto

294 2728 654 2792 decenterque
677 2729 1057 2789 conservanda,
1085 2729 1143 2779 in
1162 2742 1225 2779 eo
1247 2728 1366 2793 ipso
1389 2726 1540 2780 fonte
1566 2727 2045 2783 accommodatum,

295 2793 403 2845 nisi
421 2793 518 2845 ubi
541 2807 607 2843 ex
631 2793 1084 2846 instructionibus
1110 2795 1309 2846 nostris
1338 2793 1496 2846 aliter
1523 2795 1915 2847 exstruendum
1944 2797 2043 2842 est.

298 2861 562 2925 Conopoeo
600 2858 757 2910 etiam
797 2874 825 2911 e
851 2861 957 2911 tela
994 2861 1181 2912 saltem
1210 2866 1458 2926 opertum
1492 2861 1579 2912 sit.

363 2925 637 2977 Tabellan]
675 2925 866 2978 habeat
902 2926 1032 2978 item
1059 2926 1405 2986 intrinsecuS‚
1437 2943 1559 2993 quai
1580 2927 1807 2978 dimidia
1836 2930 2047 2977 tantum

296 2992 584 3059 aperiatur,
610 2990 887 3058 fontisque
925 2993 1124 3044 ostium
1153 3007 1459 3059 compresse
1493 2993 1768 3054 claudenS,
1800 3005 1993 3059 aquam
2017 3003 2051 3055 a

301 3059 527 3126 pulvere
553 3063 605 3109 et
629 3057 751 3108 aliis
782 3060 1036 3111 sordibus
1072 3059 1282 3120 cautius
1315 3065 1548 3112 tueatur.
1832 3058 1836 3062 ’

363 3126 496 3186 Quae
526 3124 720 3175 tabella
745 3124 802 3175 in
827 3125 1082 3177 omnibus
1126 3124 1369 3177 fontibus
1394 3126 1488 3186 sit,
1518 3126 1576 3177 in
1602 3125 1807 3192 quibus
1834 3140 1929 3189 per
1954 3123 2043 3174 in-

296 3191 569 3244 fusionem
596 3191 895 3255 baptizatur
924 3212 935 3243 :
960 3193 1016 3243 in
1041 3193 1111 3243 iis
1129 3207 1257 3244 vero
1283 3192 1340 3242 in
1366 3192 1567 3257 quibus
1594 3191 1871 3242 immersio
1896 3189 2046 3242 adhi-

302 3262 472 3317 betur,
500 3256 545 3306 si
572 3257 851 3322 petraipsa
887 3274 983 3324 pro
1022 3258 1136 3323 ejus
1179 3259 1552 3324 magnitudine
1579 3259 1634 3310 id
1657 3257 1893 3324 patietur
1925 3256 2044 3308 sinc

301 3324 691 3390 impedimento
717 3324 1103 3378 immersionis,

366 3390 613 3458 sepiatur
632 3390 855 3444 omnino
875 3393 1305 3459 unumquodque
1324 3390 1784 3461 baptistci·ium‚'si
1800 3390 1943 3461 ferro
1955 3389 2041 3442 vcl
