2470 4198
1094 615 1149 620 -
1180 589 1238 634 99
1269 615 1326 620 .,

331 689 385 740 in
416 701 519 754 qua
549 682 1014 752 postsscelebratam
1067 687 1284 738 missam
1316 688 1380 738 de
1421 689 1622 753 Spiritu
1659 699 1870 755 sancte,
1917 698 2070 750 electi

328 774 899 824 sueruntserutatores
931 771 990 820 R.
1032 771 1162 832 D...,
1212 772 1271 821 R.
1311 773 1448 833 D...,
1512 775 1569 824 lt.
1614 776 1720 827 D...

400 877 421 900 «
467 857 622 905 Facto
656 859 735 904 ter
762 854 1026 905 scrutinio
1053 860 1258 904 constat
1296 869 1358 904 ex
1408 858 1609 921 majore
1635 874 1861 912 numero
1888 865 2077 916 suffra-

331 944 542 1009 giorum
590 938 967 1006 proponendos
1005 954 1121 989 esse
1165 941 1215 990 S.
1260 940 1410 990 Sedis
1455 942 1662 1007 Judicio
1712 947 1858 999 viros
1901 951 2070 1003 ecele-

328 1027 571 1077 siastieos
617 1039 850 1091 quorum
898 1025 1116 1076 nomina
1145 1023 1232 1075 hic
1269 1026 1459 1077 ordine
1488 1027 1825 1093 alphabetico
1878 1034 2078 1086 descri-

331 1111 533 1161 buntur
587 1111 648 1159 R.
698 1110 760 1160 D.
800 1110 861 1161 A.
900 1110 957 1159 Β.
1011 1137 1034 1146 -
1068 1110 1127 1160 R.
1170 1110 1232 1159 D.
1273 1109 1330 1160 C.
1370 1112 1432 1161 D.
1460 1113 1568 1163 -R.
1608 1115 1670 1164 D.
1711 1116 1769 1165 E.
1813 1117 1870 1167 F.

398 1211 419 1237 ι(
456 1191 650 1242 Omnia
678 1206 806 1244 vero
850 1197 1059 1258 peracta
1104 1190 1331 1246 fuerunt
1354 1194 1417 1244 ad
1443 1196 1682 1247 tramites
1736 1198 2074 1254 decretorum

329 1277 498 1326 Sacra}
524 1274 967 1341 Congregationis
990 1276 1055 1328 de
1079 1276 1423 1341 Propaganda
1452 1278 1602 1330 Fide.

397 1382 420 1407 ι(
462 1362 780 1426 lnquorum
832 1362 989 1413 tidem
1042 1361 1137 1412 has
1187 1368 1482 1428 praesentes
1528 1365 1629 1416 rite
1676 1369 1975 1431 publicatas
2022 1374 2077 1424 in

329 1445 590 1511 capitale,
642 1447 879 1499 munitas
937 1445 1119 1512 sigillo
1167 1445 1479 1513 capitulari,
1528 1453 1580 1499 et
1617 1451 1719 1502 sub
1751 1466 1915 1505 manu
1950 1471 2081 1520 prae-

331 1529 517 1596 positi,
558 1530 862 1591 secretarii,
911 1535 963 1581 et
1007 1535 1397 1593 scrutatorum,
1436 1531 1732 1597 capitulum
1775 1536 1890 1589 dari
1917 1539 2080 1605 jussit

326 1614 520 1665 diem..
543 1614 745 1665 Mensis
754 1651 853 1666 .....
877 1615 1109 1667 Am1i....

827 1719 889 1769 A.
924 1718 1252 1783 praepositus
1321 1718 1384 1770 G.

501 1822 523 1848 «
565 1802 717 1869 Sigil.
827 1804 888 1851 D.
923 1803 1237 1853 secretarius
1318 1804 1388 1855 M.
1500 1813 1877 1859 scrutatores»

1310 1891 1388 1945 2N.

402 2020 525 2070 Tria
569 2033 697 2070 vero
747 2018 992 2085 exempla
1027 2018 1335 2070 authentica
1378 2019 1539 2080 siant,
1617 2032 1853 2087 quorum
1908 2036 2077 2072 unum

328 2106 470 2170 apud
519 2103 826 2169 Capitulum
876 2108 1213 2162 asservetur,
1264 2101 1496 2154 alterum
1531 2104 1683 2168 apud
1721 2103 2081 2172 archiepisco-

329 2206 498 2256 pum,
570 2192 789 2243 tertium
850 2202 978 2240 vero
1037 2187 1102 2238 ab
1151 2185 1557 2251 archiepiscopo
1618 2187 1683 2237 ad
1746 2189 1871 2288 Sao:
1916 2189 1969 2239 C.
2015 2188 2079 2238 de

329 2276 671 2341 Piopaganda
706 2274 836 2325 Fide
867 2271 1277 2324 transmittatur.

394 2359 477 2409 ῖιῖυ
531 2360 678 2411 Idem
737 2358 868 2411 ordo
927 2355 1184 2420 suffragia
1238 2352 1479 2415 ferendi,
1552 2368 1723 2420 eaque
1785 2356 1841 2406 in
1893 2370 2083 2407 manus

326 2449 684 2496 scrutatorum
730 2441 1040 2502 deferendi,
1096 2445 1345 2492 servetur
1392 2440 1450 2490 in
1498 2438 1867 2505 proponendis
1910 2440 2084 2490 tribus

329 2526 704 2579 ecclesiasticis
751 2527 816 2578 ad
857 2526 1205 2578 canonicatus
1246 2529 1492 2576 vacantes
1536 2523 1752 2589 quando
1783 2526 2084 2591 propositio

330 2616 530 2676 spectat
555 2610 619 2662 ad
645 2610 963 2676 capitulum.
1011 2608 1305 2661 omittatur
1329 2622 1457 2659 vero
1483 2608 1870 2660 documentum
1897 2624 2085 2676 supra-

331 2700 690 2747 memoratum
728 2700 780 2746 et
810 2694 927 2760 ejus
973 2693 1092 2745 loeo
1141 2692 1500 2746 substituatur
1552 2691 1700 2743 aliud
1744 2692 1818 2744 ita
1866 2709 2082 2760 expres-

334 2793 475 2830 sum.

396 2862 479 2911 148⁰
518 2880 542 2907 «
583 2862 815 2913 Vacante
846 2861 1165 2913 canonicatu
1196 2865 1415 2927 propter
1458 2864 1721 2920 mortem,
1767 2859 2084 2926 resignatio—

332 2959 476 3004 nem,
507 2951 635 3005 etc.‚
672 2945 970 3012 capitulum
1013 2945 1313 2997 sessionem
1355 2945 1654 2997 solemnem
1700 2943 1887 2994 habuit
1927 2945 2078 2998 die...
2132 2931 2135 2934 ’

333 3041 582 3079 mense...
630 3028 755 3078 18...
808 3026 865 3078 in
915 3042 1023 3094 qua
1071 3034 1190 3093 post
1235 3028 1454 3082 missam
1504 3027 1570 3078 de
1619 3033 1803 3078 saneto
1850 3028 2080 3092 Spiritu,

331 3111 487 3161 electi
564 3110 786 3163 suerunt
854 3116 1178 3163 scrutatores
1241 3114 1309 3162 A:
1383 3113 1450 3162 R:
1510 3117 1562 3162 et
1600 3112 1707 3160 -Dz
1773 3111 1931 3160 Facto
2006 3117 2083 3163 ter

334 3196 631 3258 scrutinio,
680 3201 886 3248 constat
911 3212 977 3248 ex
1008 3198 1209 3265 majore
1254 3196 1637 3263 suffragiorum
1687 3211 1918 3249 numero
1954 3214 2078 3265 pro—

335 3280 776 3347 ponendosgesse
816 3280 1191 3332 illustrissimo
1231 3286 1281 3332 et
1325 3282 1783 3335 reverendissimo
1821 3278 2081 3362 episcopo
2136 3288 2138 3290 ’

338 3374 445 3416 ttes
472 3364 860 3417 ecclesiasticos
895 3380 1127 3431 quorum
1163 3366 1382 3418 nomina
1422 3373 1744 3452 sequuntur.
