2470 4198
213 679 472 746 temporis
499 678 765 730 l‘ascbalis
792 679 1061 744 excipere,
1089 693 1117 727 a
1140 672 1627 728 Suinuiol‘ontilice
1645 667 1962 735 suppliciter

212 763 503 831 petendum
531 761 761 822 videtur,
792 767 851 813 ut
877 760 1251 813 extensionem
1288 758 1416 809 dicti
1446 757 1703 823 temporis
1733 772 1830 822 pro
1859 763 1964 807 tota

212 850 405 916 Anglia
430 849 700 906 concedat,
730 862 759 897 a
784 848 905 896 Fer.
930 846 999 895 lV
1040 845 1296 896 Cinerum
1328 858 1504 908 usque
1535 841 1599 891 ad
1627 841 1964 892 Dominicani

214 932 267 982 in
294 930 431 982 albis
461 929 728 979 inclusive
758 929 847 994 (1).

283 1022 362 1071 180
403 1017 597 1069 Nullus
625 1014 891 1073 sacerdOS‚
926 1013 1028 1063 sub
1055 1011 1228 1077 poenis
1272 1009 1469 1074 injure
1519 1007 1657 1066 latis,
1687 1006 1770 1057 bis
1797 1007 1852 1056 in
1884 1006 1971 1057 die

216 1103 431 1153 missam
458 1100 731 1151 celebrare
756 1100 1046 1163 praesumat
1083 1094 1457 1160 (praeterquam
1498 1092 1562 1166 ‘in
1589 1095 1638 1142 S.
1669 1092 1972 1144 Nativitatis

214 1186 388 1251 sesto),
420 1185 527 1235 uisi
557 1181 917 1249 abepiscopo,
946 1179 1031 1230 vel
1061 1180 1177 1244 ejus
1204 1177 1427 1236 vicarie,
1456 1176 1762 1227 facultatem
1793 1192 1853 1225 ex
1882 1177 1972 1226 de-

216 1269 483 1336 legatione
522 1266 828 1332 Apostolica
866 1262 1088 1315 concedi
1125 1262 1445 1327 permissam
1484 1260 1541 1310 in
1574 1259 1789 1325 scriptis
1827 1260 1970 1310 obti-

217 1353 417 1404 uuerit.

282 1438 362 1487 19⁰
399 1431 663 1485 Similiter
709 1433 941 1486 rubrica}
966 1432 1202 1484 Missalis
1228 1431 1457 1482 Romani
1486 1437 1537 1482 et
1559 1427 1792 1480 Ritualis
1822 1430 1973 1493 parvi

218 1521 268 1571 S.
310 1522 380 1571 Μ.
407 1519 688 1570 Benedicti
722 1520 846 1569 Xlll
895 1516 963 1584 (2)
1007 1517 1191 1568 stricte
1218 1523 1530 1577 serventur,
1560 1522 1825 1583 quantum
1869 1534 1981 1568 ser-

219 1608 330 1658 vari
390 1605 629 1672 possint,
677 1603 742 1653 de
789 1603 963 1654 tribus
1015 1602 1224 1653 ultimis
1248 1602 1455 1668 *diebus
1504 1602 1727 1668 majoris
1768 1604 1983 1654 Hebdo-

224 1690 417 1750 1nadae3
480 1689 554 1739 ita
600 1693 660 1739 ut
716 1687 877 1739 unica
933 1688 1239 1739 celebretur
1289 1688 1346 1738 in
1384 1701 1714 1758 unaquaque
1757 1688 1981 1738 ecclesia

227 1769 392 1824 Missa
420 1772 488 1837 ¹in
529 1771 685 1823 Feria
722 1770 768 1822 V
814 1779 865 1823 et
903 1773 1151 1824 Sabbata
1196 1774 1383 1838 Neque
1432 1773 1489 1823 iu
1523 1772 1624 1826 hoc
1676 1776 1982 1828 celebretur

226 1862 417 1922 Missa,
454 1861 559 1911 nisi
607 1874 730 1911 cum
783 1863 890 1909 toto
942 1857 1116 1908 officio
1156 1856 1403 1923 (excepta
1445 1858 1559 1909 sola
1615 1861 1802 1911 Fontis
1848 1863 1986 1928 bap-

231 1946 464 1999 tismalis
494 1946 901 2004 benedictione,
938 1944 1033 1995 ubi
1069 1943 1124 1993 in
1152 1942 1377 1995 ecclesia
1411 1933 1553 2011 Eous
1586 1959 1694 1995 non
1732 1946 1984 2012 existam)

232 2050 412 2103 neque
438 2036 549 2088 ulla
574 2046 696 2100 pars
719 2030 836 2096 spro
870 2028 1051 2080 lubitu
1075 2028 1373 2079 omittatur.

285 2182 351 2241 (l)
394 2180 726 2226 Sanctissimus
767 2173 1100 2233 benignissime
1133 2173 1310 2218 annuit.
1345 2172 1457 2219 Vide
1506 2176 1783 2236 Rescriptum
1814 2179 1857 2223 in
1893 2181 1987 2238 Ap-

226 2242 384 2299 pend.,
406 2250 453 2285 n‘·
476 2239 593 2283 Xlll.

288 2314 352 2372 (9.)
382 2330 395 2355 ι
429 2311 698 2359 Beatissimo
718 2312 867 2358 Pater.
892 2310 1061 2357 Vicat-ii
1087 2310 1339 2368 Apostolici
1366 2311 1498 2371 Angl.
1526 2314 1581 2358 ad
1610 2315 1746 2371 pedes
1768 2315 1991 2361 Sanctita-

229 2374 289 2418 tis
327 2380 416 2417 tua:
436 2372 663 2429 provoluti
684 2372 939 2417 humillime
963 2371 1240 2428 supplicant,
1272 2377 1322 2414 ut
1345 2370 1539 2429 benigne
1562 2372 1793 2431 dignetur,
1818 2383 1989 2420 attenta

232 2432 385 2489 inopia
412 2431 703 2476 sacerdotum
730 2432 924 2488 aliisque
959 2431 1165 2475 locorum
1198 2430 1427 2487 adjunctis
1464 2433 1728 2489 perpensis,
1756 2434 1991 2492 indulgere.

234 2500 283 2536 ut
306 2491 429 2535 iniis
461 2490 625 2535 diebus
647 2491 693 2534 in
716 2492 909 2548 quibus,
934 2490 1063 2547 juxta
1092 2488 1339 2541 imbricus,
1366 2490 1508 2535 missa
1535 2492 1752 2537 solemnis
1773 2493 1995 2538 duntaxat

230 2556 354 2595 esset
371 2549 641 2594 celebranda
657 2585 668 2603 ‚
694 2550 839 2607 possit
863 2549 1045 2594 recitari
1072 2549 1236 2602 missa,
1268 2549 1405 2594 ctiam
1435 2550 1637 2606 privata,
1665 2544 1915 2597 dummodo
1940 2568 1991 2598 ea

234 2608 293 2652 sit
322 2606 599 2665 parochialis
621 2616 666 2652 et
697 2609 987 2666 principalis,
1016 2615 1061 2652 et
1097 2614 1334 2653 serventur
1358 2616 1582 2665 quantum
1620 2612 1995 2669 servaripossint

231 2680 285 2712 ea
308 2680 411 2724 quae
435 2666 480 2710 in
516 2665 686 2711 Rituali
714 2680 854 2725 parvo
882 2667 1115 2712 Benedicti
1141 2666 1239 2710 Xlll
1267 2674 1436 2712 sanctae
1461 2669 1694 2714 memoriae
1729 2671 1994 2728 praescripta

235 2726 545 2770 inveniuntur.
574 2724 724 2780 Quare
740 2762 752 2780 ‚
780 2734 867 2772 etc.
897 2727 963 2771 Ex
980 2726 1223 2771 Audieutia
1246 2726 1533 2772 Sanctissimi
1556 2728 1710 2773 habita
1732 2730 1857 2774 ‹lie-7
1879 2731 1995 2775 Mar-

234 2786 283 2829 tii
306 2784 436 2829 1847.
464 2783 792 2830 Sanctissimus
821 2785 1043 2831 Dominus
1068 2785 1232 2830 Noster
1253 2786 1377 2840 Pius,
1404 2786 1559 2832 divina
1590 2787 1881 2834 Providentia
1905 2790 1990 2833 ΡΙ).

235 2843 309 2895 lx,
332 2842 555 2889 referente
583 2857 654 2888 me
696 2844 990 2903 infrascripto
1017 2845 1064 2890 S.
1103 2844 1154 2889 C.
1182 2845 1239 2888 de
1257 2844 1552 2903 propaganda
1579 2846 1687 2891 Fide
1725 2847 1992 2901 secretario,

238 2903 474 2960 perpensis
507 2904 755 2960 expositis,
794 2906 985 2962 benigne
1011 2906 1172 2949 aututit
1202 2918 1284 2961 pro
1313 2908 1483 2963 gratia,
1513 2906 1558 2949 in
1596 2907 1834 2961 omnibus,
1862 2908 1993 2965 juxta

238 2974 410 3019 preces.
443 2961 700 3008 Contrariis
725 2964 1078 3022 quibuscunque
1101 2976 1191 3008 uon
1216 2965 1523 3010 obstantibus.
1561 2981 1573 3004 »
1636 3013 1639 3017 .
1699 3019 1706 3025 Π

302 3072 315 3096 ι
355 3054 517 3100 Datum
541 3054 696 3101 Romae
712 3093 724 3112 ,
757 3070 812 3103 cx
843 3057 993 3103 AEttib.
1017 3058 1106 3102 (lie.
1138 3056 1239 3102 Sac.
1268 3056 1493 3116 Congreg.
1519 3057 1593 3101 die
1618 3066 1662 3102 et
1683 3072 1803 3103 anno
1827 3060 1997 3116 quibus

241 3127 398 3171 supra.
819 3122 822 3125 “

239 3261 247 3273 ,
307 3231 319 3254 ‹
361 3213 513 3259 Gratis
539 3215 637 3260 sine
662 3216 751 3261 ulla
777 3215 965 3260 omnino
987 3214 1213 3260 solutione
1240 3225 1530 3270 quocumque
1556 3211 1703 3256 titulo.

697 3331 710 3354 ‹
735 3311 950 3363 Joixxxes,
978 3311 1102 3356 arch.
1133 3308 1581 3360 Thessalonicensis,
1611 3308 1890 3359 secretarius.
1917 3323 1932 3348 ι

305 3387 423 3434 Loco
453 3394 499 3441 »Β
534 3390 683 3449 sigilli.
