2470 4198
983 522 1246 567 mus-

253 627 385 678 sacta
415 631 512 683 cst,
540 636 735 689 nempe
762 626 821 671 ut
861 616 1097 685 episcopi
1139 615 1235 680 qui
1279 613 1521 678 Anglicis
1551 611 1805 687 Ecclesiis
1854 627 1987 688 prae-

251 696 393 749 sunt,
420 690 642 742 clericos
662 699 879 739 suarum
906 680 1201 749 respective
1225 680 1513 731 dioecesum
1531 680 1592 730 ad
1615 678 1834 730 titulum
1859 692 1989 731 mis-

254 758 424 810 sionis
446 770 619 823 usque
645 754 708 806 ad
746 765 1033 803 numerum
1064 746 1351 800 duodecim
1390 759 1708 811 promovere
1744 744 1985 811 possint,

253 824 490 889 praestito
524 831 700 874 tamen
726 819 876 885 prius
900 819 965 869 ab
993 815 1127 883 ipsis
1162 812 1475 864 ordinandis
1498 812 1808 879 juramento
1839 826 1990 886 exer-

254 890 408 940 cendi
436 888 743 947 missioneS,
765 886 827 936 ad
854 884 1075 935 sormam
1098 880 1391 947 juramenti
1429 878 1773 953 alumnorum
1805 878 1991 930 Ponti-

256 957 534 1015 ticiorum,
574 961 733 1020 atque
776 957 995 1003 onerata
1022 950 1076 1000 in
1113 946 1367 997 omnibus
1409 952 1740 996 conscientla
1779 945 1996 996 ordina-

256 1037 482 1073 riorum.

322 1090 469 1139 Hanc
492 1101 618 1138 vcro
654 1088 704 1137 S.
728 1086 785 1137 C.
814 1081 1133 1135 sententiam
1160 1077 1506 1130 sanctissimo
1537 1076 1770 1128 Domino
1794 1079 1987 1129 Nostro

258 1155 350 1205 Pio
386 1156 478 1204 PP.
508 1154 602 1211 lx,
633 1152 689 1202 in
721 1149 993 1202 audientia
1030 1145 1141 1199 diei
1174 1148 1205 1195 6
1246 1144 1487 1210 ejusdem
1530 1142 1731 1194 mensis
1773 1150 1823 1194 et
1864 1144 1992 1195 anni

257 1213 684 1284 abinfrascripto
720 1215 1007 1268 secretario
1042 1211 1294 1270 relatam,
1323 1210 1583 1261 Sanctitas
1617 1211 1722 1260 Sua
1757 1210 1990 1276 benigne

262 1286 520 1353 probavit,
550 1300 609 1336 ac
627 1284 931 1335 facultatem
954 1281 1107 1346 Juxta
1138 1276 1752 1350 propositum-tenorem
1774 1290 1992 1327 conces·
2030 1321 2045 1335 ,

257 1354 342 1413 sit,
369 1351 652 1404 contrariis
677 1350 1112 1417 quibuscumque
1138 1356 1247 1395 non
1267 1343 1625 1394 obstantibus

323 1443 438 1517 Dat.
467 1435 780 1505 ,Romaeuexg
805 1434 900 1486 aed.
960 1435 1012 1485 S.
1056 1432 1113 1483 C.
1158 1427 1611 1521 de‘Propaganda
1636 1428 1766 1481 Fide
1799 1428 1887 1481 die
1927 1431 1988 1481 21

258 1507 455 1573 Apmhs
480 1509 623 1559 1852
1015 1566 1061 1614 J.
1102 1562 1194 1613 Ph.
1225 1562 1717 1623 Lanufnsssom,
1743 1565 1893 1629 proes.

430 1641 488 1691 L·
520 1649 568 1698 ὦ
593 1645 642 1694 S⁰
1147 1696 1230 1746 Al.
1261 1694 1534 1755 Bimmne,
1570 1711 1601 1744 α
1625 1695 1854 1746 secretis,

1051 2089 1217 2145 XVII.

634 2208 893 2243 EXTENSIO
932 2208 1301 2244 PRAECEDENTIS
1339 2208 1631 2245 RESCRIPTI.

387 2315 706 2368 Beatissimo
732 2317 903 2376 Pater,

322 2399 456 2450 Cum
512 2406 728 2471 propter
780 2400 1023 2451 locorum
1072 2399 1420 2452 necessitates
1447 2402 1535 2453 vix
1591 2406 1796 2472 sperari
1827 2406 1999 2472 possit

255 2466 400 2530 quod
434 2466 693 2522 beneficia
723 2466 789 2518 ad
834 2466 1255 2518 ordinandorum
1301 2466 1521 2519 titulum
1557 2471 1998 2524 constituendum

258 2530 577 2588 sufficientia
602 2534 894 2600 erigantur,
917 2548 1017 2584 nec
1040 2532 1198 2584 facile
1223 2533 1385 2584 etiam
1406 2534 1475 2585 sit
1499 2537 1814 2602 patrimonii
1841 2537 2001 2590 titulo

258 2598 528 2663 supplere,
557 2599 995 2674 archiepiscopus
1037 2601 1641 2655 westmonasteriensis
1673 2611 1724 2655 ct
1754 2604 1997 2672 episcopi

259 2664 482 2730 Angliae,
513 2685 577 2720 ex
600 2665 1193 2731 provinciatiConcilio,
1220 2666 1525 2732 supplicant
1548 2676 1609 2722 ut
1631 2672 1683 2722 S.
1718 2672 1783 2722 V.
1812 2671 2000 2737 digne-

259 2735 347 2780 tur
374 2732 605 2787 ulterius
642 2732 929 2783 extendere
966 2731 1239 2783 indultum
1274 2735 1545 2798 superiori
1578 2751 1720 2789 anno
1746 2735 1997 2803 imperti-

258 2802 391 2857 tum,
420 2806 480 2852 ut
505 2801 663 2853 titulo
694 2798 970 2850 missionis
1002 2799 1252 2850 ordinare
1281 2800 1509 2854 valeant.

257 2908 277 2923 st
323 2865 400 2914 Ex
426 2867 700 2919 audientia
724 2865 1057 2916 Sanctissimi
1084 2865 1263 2916 habita
1288 2866 1375 2916 die
1404 2869 1465 2917 13
1491 2869 1669 2921 Martii
1695 2871 1845 2929 1853,

325 2931 704 2984 Sanctissimus
742 2932 1006 2982 Dominus
1042 2932 1394 2997 Noste1·‚Pius
1431 2934 1615 2987 divina
1658 2934 2001 2987 Providentia

262 2996 469 3060 PP.1X,
487 3000 754 3052 referente
779 3013 863 3048 me
889 2997 1228 3062 infrascripto
1252 3000 1301 3049 S.
1321 2999 1766 3069 Congregationis
1792 3002 1857 3051 de
1877 3003 2002 3051 Pro-

261 3069 500 3128 paganda
520 3067 649 3118 Fide
676 3064 981 3124 secretariO,
1008 3078 1072 3114 ex
1098 3070 1219 3115 voto
1249 3065 1806 3119 eminentissimorum
1835 3069 1928 3118 ΡΡ.
1947 3068 1999 3118 S.

256 3134 701 3201 Congregationis
737 3132 968 3198 benigne
996 3131 1187 3181 annuit
1224 3138 1284 3182 ut
1312 3131 1751 3199 archiepiscopus
1789 3140 1839 3184 et
1881 3132 2000 3199 epi-

262 3202 408 3266 scopi
436 3200 638 3265 singuli
665 3200 947 3250 duodecim
999 3197 1308 3248 caudidatos
1353 3196 1630 3251 missionis
1680 3199 1836 3250 titulo
1874 3212 2002 3264 pro-

235 3274 480 3319 *movcre
512 3266 739 3326 valeant,
779 3264 1001 3315 servatis
1035 3263 1535 3329 praescriptionibus
1565 3266 1728 3332 primi
1771 3264 1998 3326 indulti,

263 3333 545 3385 contrariis
572 3333 1006 3397 quibuscumque
1032 3330 1173 3380 haud
1199 3330 1556 3382 obstantibus,

1775 3417 1835 3464 10
