2470 4198
1218 603 1453 650 ...74—

457 704 521 754 ad
549 704 799 769 praeviam
834 707 1170 767 peccatorum
1201 717 1422 754 suorum
1451 701 1844 753 confessionem
1865 740 1877 761 ,
1914 709 1964 755 et
1986 706 2225 772 dignam?

457 791 507 839 S.
538 787 889 839 Eucharistiae
916 789 1341 854 perceptionem.

521 876 570 925 [ιο
608 877 721 925 Non
763 873 1065 925 celebretur
1097 874 1503 926 matrimonium
1554 876 1609 926 in
1647 875 1889 927 ecclesiis
1933 891 2054 943 quoe
2091 894 2201 932 non

456 961 651 1010 liabent
694 957 798 1009 sibi
834 973 1108 1013 annexum
1133 959 1439 1010 districtum
1478 959 1750 1025 aliquem,
1787 973 1909 1010 cum
1942 960 2067 1012 cura
2092 964 2206 1014 ani-

453 1056 661 1093 marum
690 1042 747 1092 in
774 1057 838 1093 eo
862 1042 1200 1107 degentium.

518 1126 567 1176 5⁰
597 1125 760 1179 Liber
785 1128 1258 1180 matrimoniorum
1296 1134 1541 1181 accurate
1568 1134 1815 1182 teneatur
1851 1131 1906 1182 in
1940 1131 2087 1221 omni
2113 1147 2202 1184 ec-

449 1208 654 1259 clesia'
640 1225 697 1260 in
734 1211 938 1276 quibus
964 1212 1327 1265 celebrantur.

517 1295 567 1344 6⁰
605 1295 860 1346 Sacerdos
901 1295 1307 1348 matrimonium
1350 1298 1577 1349 mixtum
1622 1313 1731 1350 non
1778 1299 2035 1362 celebret,
2081 1300 2198 1353 sine

450 1379 647 1442 praevia
672 1381 1035 1446 promissione
1060 1383 1275 1434 obtenta
1303 1387 1408 1434 tam
1436 1398 1464 1434 a
1488 1389 1637 1449 parte
1677 1384 1936 1436 catholica
1970 1399 2131 1450 quam
2172 1400 2219 1436 a.

418 1469 597 1529 ‘parte
635 1465 944 1526 acatholica,
990 1466 1055 1516 de
1098 1467 1373 1519 educanda
1418 1468 1569 1534 prole
1616 1468 1904 1535 utriusque
1948 1484 2110 1521 sexus
2145 1471 2202 1521 in

449 1548 715 1616 religione
743 1552 1019 1614 catholica,
1074 1567 1307 1605 necnon
1354 1569 1383 1605 a
1435 1560 1583 1619 parte
1620 1553 1914 1606 acatholica
1959 1554 2026 1604 de
2073 1568 2199 1618 per-

449 1632 710 1687 mittendo
735 1635 908 1688 libero
934 1637 1192 1689 exercitio
1210 1637 1495 1703 religionis
1521 1639 1657 1703 parti
1683 1637 1983 1698 catholicae3
2003 1652 2032 1688 a
2050 1644 2199 1703 parte

379 1743 382 1747 ·
451 1733 577 1770 vero
619 1719 899 1784 catholica,
938 1722 1004 1775 de
1054 1724 1410 1775 conversione
1449 1723 2073 1790 compa1··tis‚'acatholi'cae
2103 1737 2200 1774 cu-

453 1807 636 1857 randa.
1668 1856 1671 1859 .

513 1891 563 1939 7⁰
594 1889 728 1941 Cum
756 1903 896 1954 saepe
923 1892 1010 1943 fiat
1035 1898 1094 1943 ut
1121 1893 1291 1944 exteri
1317 1892 1374 1943 in
1400 1883 1897 1959 Angliam‘veniant
1914 1892 1979 1943 ad
2008 1891 2202 1943 ineun-

448 1972 577 2023 dum
620 1971 1065 2036 matrimonium,
1107 1981 1327 2028 caveant
1375 1989 1721 2041 summopere
1768 1974 2099 2041 presbyteri,
2134 1989 2203 2027 ne

450 2063 773 2127 concurrant
832 2058 1177 2110 matrimonio
1230 2059 1289 2109 in
1333 2058 1580 2110 fraudem
1625 2057 1762 2124 legis
1815 2056 2196 2123 contrahendo

451 2141 756 2206 Propterea,
799 2139 855 2190 in
889 2141 1039 2191 omni
1074 2141 1388 2208 hujusmodi
1417 2156 1562 2204 casn,
1592 2148 1871 2194 recurrant
1899 2143 1963 2194 ad
1996 2142 2204 2209 episco-

448 2240 579 2291 pum
607 2245 618 2276 :
647 2240 758 2291 prae
784 2225 958 2278 oculis
1016 2224 1198 2278 habita
1219 2240 1317 2292 pro
1341 2227 1442 2277 hoc
1466 2240 1612 2287 casn,
1640 2241 1739 2277 nec
1765 2241 1872 2279 non
1898 2242 1995 2293 pro
2018 2225 2201 2278 matri-

450 2314 649 2366 moniis
675 2329 955 2381 vagorum,
985 2315 1346 2367 instructione
1370 2317 1420 2366 S
1450 2314 1651 2375 Officii,
1686 2314 1774 2365 die
1811 2314 1871 2362 21
1905 2313 2042 2377 Aug.
2071 2311 2201 2362 1670

451 2401 612 2453 edita.
2173 2412 2178 2415 ‘

514 2489 566 2537 8⁰
589 2488 722 2540 Cum
741 2488 1034 2541 occurrerit
1060 2500 1217 2538 casus
1232 2450 1610 2551 impedimenti
1632 2437 2064 2541 matrimonialis,
2082 2479 2180 2530 mit

450 2576 520 2623 tat
547 2572 793 2622 sacerdos
818 2572 883 2622 ad
908 2571 1223 2636 episcopum
1252 2568 1554 2635 supplicem
1580 2568 1852 2628 libellum,
1881 2567 1939 2616 in
1967 2579 2076 2632 quo
2100 2579 2191 2615 ca-

451 2673 570 2710 sum
593 2662 841 2724 exponat,
864 2657 1007 2709 itaut
1025 2656 1241 2724 graduS,
1260 2656 1345 2708 vel
1360 2655 1465 2707 alia
1480 2669 1638 2707 causa
1655 2654 1713 2705 in
1736 2669 1843 2720 qua
1861 2653 2064 2719 petitur
2088 2650 2197 2702 dis-

449 2742 720 2806 pensatiO,
749 2745 991 2792 accurate
1025 2741 1389 2802 describatur3
1427 2740 1703 2804 simulque
1744 2738 1980 2790 rationes
2002 2736 2198 2804 pandat

450 2827 519 2878 ob
564 2839 699 2892 quas
736 2825 1131 2877 concedendam
1174 2832 1407 2877 censeat.
1446 2824 1603 2886 Quod
1636 2823 1683 2874 si
1717 2822 1971 2889 episcopo
2017 2819 2197 2871 visum

450 2912 618 2965 fuerit
661 2911 1123 2978 dispensationem
1170 2911 1392 2979 largiri,
1434 2911 1519 2963 vel
1569 2908 1807 2976 propriis
1850 2905 2196 2958 facultatibus

452 3002 630 3058 utenS,
655 2995 740 3047 vel
768 3001 889 3061 post
914 2998 1116 3049 Sanctae
1157 2997 1308 3047 Sedis
1347 2996 1570 3061 petitam
1608 3003 1659 3046 et
1683 2998 1958 3048 obtentam
1982 2994 2194 3046 veniam

454 3080 518 3143 (si
544 3080 859 3133 facultatum
883 3081 1086 3148 quibus
1128 3081 1296 3147 pollet
1330 3081 1532 3134 limites
1570 3081 1787 3133 excedat
1822 3079 2018 3143 casus),
2050 3079 2204 3144 ipse,..

455 3161 622 3227 perse
647 3173 740 3219 aut
772 3183 868 3233 per
892 3165 1152 3219 vicarium
1170 3202 1183 3227 ,
1212 3165 1672 3231 dispensationem
1698 3181 1795 3230 per
1828 3164 2042 3231 scripta,
2070 3177 2191 3214 cum

455 3253 708 3305 omnibus
735 3255 994 3308 clausulis
1019 3271 1048 3306 a
1081 3254 1204 3320 jure
1231 3252 1531 3319 requisitiS,
1577 3252 1842 3303 sacerdoti
1869 3249 2205 3318 supplicanti·

458 3333 594 3383 tradi
619 3339 844 3401 curabit,
875 3355 997 3391 cum
1023 3353 1233 3406 annexa
1258 3335 1454 3388 scheda
1479 3341 1762 3388 attestante
1793 3333 2192 3388 exsecutionem

456 3416 892 3484 dispensationis,
922 3427 1094 3487 Quam
1119 3425 1337 3492 quidem
1365 3424 1638 3486 sacerdOS,
1669 3439 1696 3475 a
1723 3439 1778 3474 se
1806 3419 2158 3484 subscriptam
2177 3454 2192 3480 ,
