2470 4198
1000 548 1054 553 --,
1089 524 1145 568 95
1176 548 1233 554 ,-

257 623 470 682 posset,
506 625 557 669 et
580 617 872 669 dummodo
910 617 1154 668 canonici
1181 632 1289 668 non
1316 616 1424 667 sint
1447 615 1614 666 sacris
1641 616 1883 667 vestibus
1915 630 2005 682 pa-

255 702 373 760 rati,
395 700 522 766 quia
544 707 667 753 tunc
693 700 895 751 ratione
921 708 1356 767 paramentorum
1378 701 1538 753 debet
1558 699 1791 751 vicarius
1815 700 2004 758 cedere

258 782 436 835 locum
463 784 767 851 digniorem
786 786 1060 838 canonicis
1086 787 1283 851 paratis
1309 786 1398 853 (1).
1417 806 1441 833 »

526 927 615 977 IV.
655 928 729 977 De
752 928 947 980 divinis
978 931 1168 998 officiis
1193 937 1239 979 et
1270 930 1483 980 servitio
1513 927 1735 980 chorali.

332 1045 757 1102 1701nhaerentes
776 1053 988 1104 decreto
1007 1055 1056 1104 S.
1073 1054 1129 1105 C.
1150 1053 1216 1104 de
1236 1054 1581 1119 Propaganda
1602 1054 1752 1114 Fide,
1772 1054 2013 1122 injungi-

258 1150 377 1185 mus
396 1137 541 1201 quod
560 1136 763 1202 singuli
786 1137 1050 1198 canonici,
1075 1136 1318 1203 legitimo
1336 1144 1578 1189 cessante
1597 1137 2007 1203 impediment0‚

257 1220 500 1286 quolibet
526 1236 730 1285 mense,
761 1225 953 1277 diebus
977 1240 1075 1291 per
1101 1224 1415 1290 episcopum
1450 1224 1676 1277 ineunte
1707 1241 1850 1279 anno
1876 1230 2011 1281 desi-

257 1309 502 1374 gnandiS,
520 1308 685 1375 (salvo
696 1318 809 1364 tum
818 1311 941 1377 jure
965 1307 1398 1375 capitulisaepius
1413 1309 1793 1371 conveniendi,
1808 1311 1874 1363 de
1887 1327 2013 1364 con-

257 1411 422 1449 sensu
442 1403 619 1450 tamen
638 1396 905 1465 episcopi,
935 1402 1049 1445 tum
1079 1392 1238 1444 etiam
1259 1394 1383 1461 jure
1429 1392 1667 1458 episcopi
1714 1393 1851 1445 illud
1888 1411 2011 1447 cum

260 1481 491 1534 voluerit
510 1482 882 1549 convocandi,)
909 1481 1231 1533 conveniant
1251 1480 1318 1530 ad
1337 1479 1616 1530 ecclesiam
1633 1479 2010 1542 cathedralem,

259 1576 319 1621 ut
334 1571 558 1622 recitent
576 1570 853 1634 psallendo
865 1570 1098 1620 Tertiam
1111 1566 1272 1620 officii
1286 1567 1574 1628 currentiS,
1593 1571 1644 1618 et
1663 1566 1861 1619 deinde
1883 1568 2019 1619 assi-

258 1660 398 1704 stant
410 1652 587 1704 Missae
604 1652 855 1704 solemni.
873 1651 1059 1704 Officia
1076 1667 1203 1704 vero
1226 1652 1551 1706 celebrantis
1566 1660 1617 1706 et
1636 1654 2014 1707 ministrorum

259 1739 332 1789 ita
357 1737 730 1790 distribuenda
755 1748 934 1799 erunt,
965 1745 1026 1790 ut
1046 1738 1369 1804 regulariter
1391 1753 1489 1805 per
1513 1753 1703 1792 omnes
1726 1741 2016 1793 canonicos

258 1823 672 1890 adimpleantur.
699 1825 799 1876 Ubi
826 1830 1006 1876 autem
1031 1824 1318 1891 episcopus
1342 1824 1716 1885 celebraverit,
1748 1825 1908 1878 habet
1924 1826 2017 1891 jus

264 1909 502 1977 eligendi
524 1924 655 1961 suos
682 1908 980 1969 ministrOS,
1007 1908 1160 1959 nullo
1186 1913 1388 1961 attento
1413 1908 1785 1975 praecedentiae
1807 1910 2015 1961 ordine.

327 1998 409 2048 18·
436 1995 616 2047 Tertia
638 1995 863 2061 incipiet
887 1995 1019 2048 hora
1048 1995 1257 2047 decima
1287 1995 1520 2055 circiter,
1542 1996 1608 2047 ad
1636 2012 1799 2063 quam
1826 2013 2017 2051 omnes

261 2081 447 2132 adesse
498 2081 694 2131 debent
728 2117 741 2140 ,
800 2085 852 2131 et
898 2080 1083 2131 senior
1126 2080 1418 2132 eanonicus
1452 2081 1512 2132 in
1556 2079 1721 2132 choro
1778 2098 2016 2149 praesens

263 2166 329 2232 (si
368 2163 562 2215 exierit
600 2165 923 2231 praepositus
969 2171 1028 2216 ut
1065 2172 1378 2232 paramenta
1422 2167 1681 2232 assumat)
1721 2166 2018 2220 hebdoma-

257 2254 394 2306 darii
421 2253 565 2305 vices
604 2255 771 2318 geret.
799 2251 919 2301 Duo
956 2263 1085 2302 vero
1113 2250 1393 2313 canonici,
1437 2250 1502 2304 ad
1550 2251 1652 2302 hoc
1683 2265 1886 2303 munus
1912 2255 2016 2305 eli—

259 2339 422 2406 gendi
459 2335 776 2405 quotannis,
806 2341 1048 2387 cantores
1074 2338 1429 2399 vocabuntur,
1472 2345 1523 2390 et
1563 2340 1689 2391 aliis
1724 2342 2018 2407 praecinere

259 2429 550 2480 debebunt.

329 2516 409 2564 19⁰
451 2513 622 2562 Horas
661 2509 944 2561 canonicas
986 2509 1090 2560 alte
1129 2514 1180 2560 et
1230 2507 1567 2574 intelligibili
1615 2523 1743 2562 voce
1761 2547 1775 2572 ,
1818 2510 1981 2578 digne
2004 2550 2016 2570 ,

262 2605 461 2653 attente
487 2604 539 2649 et
561 2598 751 2649 devote
774 2594 1000 2647 recitent
1024 2594 1243 2660 pariter,
1271 2608 1370 2645 nec
1392 2595 1556 2646 altera
1580 2609 1702 2660 pars
1725 2595 1875 2647 chori
1900 2612 2018 2648 ver-

263 2685 499 2737 siculum
528 2697 691 2734 suum
722 2680 946 2749 incipiat
985 2686 1274 2749 antequam
1317 2680 1485 2731 altera
1521 2696 1644 2747 pars
1678 2698 1841 2735 suum
1879 2686 2017 2737 beno

264 2771 630 2840 compleverit,
656 2768 934 2835 interjecta
972 2781 1186 2833 semper
1224 2781 1462 2834 congrua
1483 2769 1713 2835 pausula
1743 2770 1807 2821 ad
1830 2773 2021 2823 asteri-

267 2873 437 2910 scum.
469 2855 874 2921 Unusquisque,
904 2852 1179 2904 recitando
1207 2851 1443 2904 officium
1461 2868 1585 2905 cum
1605 2856 1748 2919 aliiS,
1772 2858 1930 2911 debet
1953 2863 2014 2912 ad

265 2944 462 3011 integri
485 2941 646 2995 officii
676 2938 1047 2992 recitationem
1070 2951 1424 3000 concurrere,
1453 2940 1714 3007 supplens
1744 2944 2016 2996 audiendo

263 3032 407 3099 quod
434 3029 644 3081 omittet
666 3024 958 3078 recitando,
995 3023 1207 3091 (Synod.
1243 3023 1483 3092 Fulqin.)

328 3120 410 3169 20ο
441 3119 599 3168 Juxta
614 3111 875 3171 rubricaS,
906 3123 1003 3175 pro
1019 3108 1276 3174 temporis
1298 3115 1349 3161 et
1367 3109 1526 3162 officii
1548 3112 1760 3166 diversa
1783 3118 2011 3177 ratione,

264 3216 453 3253 omnes
484 3202 723 3265 surgant,
750 3200 908 3255 stent,
938 3192 1189 3253 sedeant,
1218 3192 1610 3259 genuflectant,
1646 3206 1805 3265 caput
1841 3202 2012 3255 bireto

324 3346 386 3402 (l)
411 3344 469 3389 De
497 3344 651 3389 habitu
675 3339 952 3391 canonicali,
975 3352 1016 3383 v.
1047 3337 1259 3394 Rescript.
1283 3336 1327 3381 in
1350 3336 1552 3395 Append.
1570 3377 1580 3397 ‚
1609 3349 1662 3388 n⁰
1690 3343 1847 3390 xxiv.
