2470 4198
944 584 1000 589 -—
1038 557 1116 601 10ss
1149 584 1204 589 -w

212 657 565 716 difficultates,
623 672 742 722 qua}
791 661 938 712 bisce
994 659 1291 726 praesertim
1351 657 1665 724 asperrimis
1714 660 1969 724 tempori-

213 752 313 802 bus
356 748 421 800 ab
467 746 963 814 episcopalijvestro
1006 744 1314 797 ministerio
1361 746 1551 796 abesse
1578 758 1687 795 non
1717 752 1965 811 possunt,

209 849 276 885 ne
321 833 702 898 despondeatis
744 845 986 896 unquam
1035 831 1298 892 animuin,
1329 831 1421 881 sed
1455 832 1740 884 confortati
1781 834 1840 884 in
1866 835 1970 884 Do-

212 920 380 981 min0‚
411 927 461 972 et
507 920 564 971 in
607 918 847 986 potentia
895 914 1113 968 virtutis
1139 914 1274 980 ejus,
1306 913 1513 981 pergite
1538 921 1739 967 certare
1765 917 1968 968 bonum

214 1015 485 1059 certamen
512 1005 655 1066 fidei,
678 1019 788 1072 prae
812 1001 986 1055 oculis
1010 1001 1788 1055 habentesimmarcessibilem
1816 1004 1964 1055 illam

213 1097 399 1165 gloriae
440 1105 694 1148 coronam
741 1092 807 1143 ab
842 1094 1041 1141 aeterno
1083 1092 1359 1153 pastorum
1420 1086 1670 1153 Principe
1722 1102 1973 1153 perseve-

211 1181 453 1233 rantibus
511 1177 855 1245 promissam;
885 1188 945 1225 ac
991 1171 1252 1224 memoria
1297 1177 1624 1237 repetentes,
1676 1177 1822 1243 quod
1874 1176 1969 1242 qui

213 1268 278 1319 ad
315 1265 581 1332 justitiam
622 1261 880 1314 erudiunt
924 1256 1143 1317 multos,
1184 1255 1471 1322 fulgebunt
1517 1265 1673 1331 quasi
1711 1266 1963 1317 stellaein

214 1355 501 1419 perpetuas
526 1346 871 1399 aeternitateS.
924 1345 1025 1394 Pro
1050 1348 1195 1393 certo
1241 1347 1421 1396 autem
1464 1347 1656 1401 habete
1694 1350 1834 1400 nihil
1861 1354 1967 1402 No-

217 1435 297 1488 bis
345 1433 566 1502 gratius,
617 1430 755 1482 nihil
787 1426 1080 1495 optabilius
1127 1426 1242 1478 fore
1283 1442 1442 1494 quam
1499 1446 1560 1483 ea
1605 1434 1788 1485 omnia
1834 1450 1961 1500 per-

213 1534 402 1586 agere,
445 1530 567 1582 quae
590 1515 655 1566 ad
706 1513 965 1578 majorem
1008 1515 1238 1561 vestram
1262 1517 1422 1578 atque
1448 1513 1677 1567 istarum
1704 1517 1967 1569 Ecclesia-

216 1618 335 1655 rum
382 1600 675 1653 utilitatem
719 1596 1020 1647 conducere
1045 1607 1203 1660 posse
1224 1597 1560 1651 noverimus.
1592 1602 1813 1653 Interim
1841 1617 1969 1653 vero

212 1687 356 1739 haud
399 1683 699 1737 omittimus
751 1680 811 1731 in
859 1679 1010 1731 omni
1057 1681 1303 1732 oratione
1341 1688 1393 1734 et
1433 1685 1823 1746 obsecratione,
1847 1701 1970 1738 cum

211 1770 506 1838 gratiarum
532 1766 760 1829 actione,
796 1765 1282 1818 clementissimum
1304 1768 1711 1821 misericordem
1736 1772 1966 1834 Patrem,

214 1864 266 1909 et
310 1859 484 1908 Deum
530 1854 697 1907 totius
729 1851 1133 1912 consolationiS‚
1180 1852 1463 1906 humiliter
1506 1856 1776 1923 enixeque
1836 1874 1964 1911 exo-

204 1955 339 2002 rare,
364 1946 423 1992 ut
446 1939 722 2002 uberrima
744 1951 974 2004 quaeque
992 1951 1104 1988 suae
1125 1936 1378 1988 bonitatis
1394 1938 1533 1990 dona
1552 1954 1718 2005 super
1736 1956 1831 1993 vos
1849 1958 1970 2009 pro-

203 2024 374 2091 pitius
422 2038 636 2089 semper
675 2021 944 2081 effundat,
976 2034 1055 2094 ac*
1086 2020 1447 2086 pastoralibus
1496 2024 1689 2075 vestris
1736 2027 1882 2078 curis
1914 2035 1965 2080 et

204 2109 482 2161 laboribus
526 2104 826 2167 benedicat,
877 2118 986 2171 quo
1026 2103 1084 2155 in
1109 2103 1229 2156 istis
1256 2105 1575 2171 regionibus
1601 2109 1839 2162 Ecclesia
1866 2128 1964 2164 sua

202 2198 384 2244 sancta
427 2179 784 2258 amplioribus
831 2202 890 2257 ac
916 2187 1379 2255 splendidioribus
1430 2199 1694 2259 augeatur
1737 2201 1964 2248 etexor-

205 2284 367 2330 netur
418 2274 727 2341 triumphis,
788 2277 864 2325 Ac
917 2273 1091 2325 divini
1145 2274 1310 2341 hujus
1354 2277 1596 2340 praesidii
1643 2280 1917 2345 auspicem
1947 2321 1960 2343 ‚

202 2367 254 2414 et
305 2360 602 2428 potissimae
632 2368 831 2414 nostrae
865 2362 924 2414 in
971 2377 1067 2415 vos
1110 2362 1527 2425 benevolentiae,
1577 2370 1768 2417 testem
1820 2369 1957 2419 acci-

202 2445 313 2512 pite
362 2444 723 2510 Apostolicam
770 2447 1227 2507 benedictionem,
1274 2462 1437 2513 quam
1465 2463 1531 2499 ex
1578 2449 1774 2503 intimo
1800 2455 1959 2505 corde

198 2528 490 2596 profectam
528 2530 761 2597 singulis
805 2536 1064 2592 vestrum,
1099 2531 1294 2583 dilecte
1334 2530 1410 2581 fili
1452 2539 1654 2595 noster,
1707 2541 1758 2587 et
1787 2553 1953 2589 vene-

200 2612 399 2664 rabiles
466 2611 678 2675 fratreS,
726 2616 1045 2682 cunctisque
1094 2615 1324 2677 clericis,
1383 2617 1645 2685 laicisque
1703 2621 1957 2675 fidelibus

200 2706 392 2753 vestrae
421 2700 718 2767 vigilantia}
752 2703 1075 2755 concreditis
1116 2710 1458 2772 peramanter
1498 2704 1844 2769 impertimur

261 2810 455 2877 Datum
492 2810 675 2859 Roma}
721 2807 862 2872 apud
911 2809 1164 2859 Sanctum
1212 2809 1427 2858 Petrum
1476 2807 1565 2858 die
1611 2808 1677 2858 26
1720 2810 1950 2875 Augusti

190 2907 335 2945 anno
373 2894 529 2953 1852,
580 2891 922 2944 Pontificatus
957 2891 1127 2944 nostri
1180 2906 1322 2944 anno
1355 2891 1603 2957 septimo.

1362 3015 1483 3063 Purs
1540 3014 1593 3063 P.
1648 3015 1740 3066 ΙΧ.

921 3345 1178 3366 „iq-0..-
1197 3354 1216 3356 s.
