2470 4198
1081 570 1340 616 *Mi—-

1161 721 1259 771 xli
1271 759 1282 770 .

1030 841 1429 896 INSTRUCTIO

357 972 421 1006 ᾸΙ)
480 965 939 1006 Anculm’lscot‘um
991 959 1623 999 WESTMONASTERmNsl-:M
1662 948 1745 1001 7ΕΤ
1812 965 2089 1002 EPlscopos

415 1038 636 1082 ANGLIAE,
676 1033 855 1079 QUOAD
890 1029 1241 1066 FAGULTATEM
1273 1030 1537 1065 SERVANDI
1572 1030 1960 1068 SANCTISSIMAM
1992 1034 2091 1068 EU-

405 1101 731 1141 cuAmsTIAM
768 1100 822 1135 IN
861 1095 1156 1134 NONNULLIS
1194 1094 1452 1132 NouleM
1489 1095 1737 1134 Vmonmu
1783 1099 2089 1135 onA‘ronnsa

405 1205 562 1273 Apud
592 1202 891 1256 rusticanas
917 1200 1058 1252 oedes
1103 1199 1481 1265 spectabilium
1515 1201 1757 1255 virorum
1793 1204 2088 1257 catholico-

334 1287 460 1325 rum
476 1271 695 1337 capellae
724 1269 881 1337 quasi
904 1268 970 1320 ad
995 1265 1342 1342 ecclesiarum
1364 1264 1592 1319 formam
1620 1269 1763 1322 haud
1787 1285 1907 1323 raro
1928 1272 2089 1323 isthic

338 1344 658 1399 occurrunt,
684 1336 957 1389 interdum
981 1346 1108 1385 vero
1134 1338 1426 1398 petitlones
1450 1334 1516 1385 ad
1543 1335 1594 1385 S.
1623 1336 1815 1387 Sedem
1844 1337 2093 1404 dirigun-

341 1410 430 1457 tur
453 1418 550 1471 pro
573 1403 825 1456 facultate
869 1399 1160 1453 obtinenda
1181 1398 1322 1451 utin
1348 1398 1459 1474 illis
1499 1402 1841 1454 sanctissima
1873 1404 2087 1455 Eucha-

339 1472 491 1524 ristia
522 1469 787 1523 asservari
818 1466 1006 1535 possit.
1056 1467 1118 1516 ln
1161 1480 1218 1516 re
1265 1465 1490 1532 quidem
1529 1467 1793 1533 gravioris
1826 1471 2090 1522 momenti

341 1537 629 1589 uniformis
662 1536 907 1602 quaedam
943 1531 1229 1584 methodus
1252 1531 1560 1585 inducenda
1583 1540 1712 1597 erat,
1742 1536 2083 1603 proindeque

331 1603 721 1669 episcoporum
746 1598 1014 1653 sententia
1041 1597 1157 1650 visa
1183 1604 1263 1673 est
1301 1599 1661 1675 exquirenda,
1692 1617 1814 1678 quas
1836 1602 2079 1669 quidem,

341 1668 650 1721 Eminentia
678 1670 784 1722 Sua
819 1670 1059 1727 curante,
1086 1679 1367 1716 occasione
1395 1667 1744 1730 provincialis
1768 1668 1973 1736 synodi
1998 1684 2086 1721 su-

339 1735 554 1801 periore
578 1748 719 1787 anno
753 1732 952 1785 habitae
979 1731 1188 1782 reddita
1215 1729 1339 1782 fuit.

297 1855 302 1861 ,
406 1801 675 1854 Omnibus
719 1798 902 1866 itatiue
938 1802 1182 1849 accurate
1213 1797 1498 1863 perpensis
1527 1837 1538 1861 ,
1574 1800 1805 1877 capellas
1834 1802 1994 1853 hasce
2024 1816 2090 1853 ex

337 1867 715 1935 episcoporum
740 1865 1009 1918 sententia
1033 1864 1091 1915 in
1116 1869 1224 1915 tres
1258 1864 1455 1916 classes
1479 1866 1682 1931 placuit
1715 1868 2082 1934 distinguere,

323 1933 484 1998 ,juxta
520 1933 782 1985 nimirum
804 1931 1136 1984 differentias
1173 1932 1451 1996 quasdam,
1471 1946 1591 2006 quae
1613 1934 1671 1985 in
1693 1933 1889 1985 iisdem
1914 1935 2091 1987 solent

334 2014 637 2062 occurrere,
667 1999 931 2050 nimirum
955 2003 1016 2049 ut
1038 2002 1341 2064 opportune
1367 1998 1427 2048 in
1452 1999 1688 2065 singulis
1714 2001 1928 2053 casibus
1954 2016 2084 2067 pro-

335 2066 603 2119 videatur.

400 2134 578 2184 Primo
605 2132 787 2198 itaque
823 2130 1040 2196 capellae
1076 2128 1390 2196 hujusmodi
1420 2129 1712 2198 aliquando
1754 2133 1898 2185 haud
1926 2135 2080 2186 valde

333 2200 401 2250 ab
423 2199 661 2251 Ecclesia
695 2199 924 2258 distant,
977 2202 1104 2248 sunt
1153 2210 1281 2248 vero
1324 2199 1563 2249 oratoria
1586 2199 1884 2261 domestica,
1923 2208 2086 2267 prout

326 2266 558 2317 >strictim
597 2280 703 2316 usu
735 2263 1096 2316 ecclesiastico
1138 2262 1317 2315 dictio
1341 2262 1654 2327 huiusmodi
1681 2273 1994 2331 usurpatur,
2027 2268 2085 2319 in

329 2333 539 2383 bonum
586 2330 869 2398 spirituale
910 2329 1132 2382 familia}
1186 2329 1475 2381 constituta
1504 2349 1515 2382 ε
1541 2331 1600 2381 in
1631 2330 1700 2381 iis
1725 2333 1953 2398 proinde
2002 2349 2086 2385 re-

329 2399 472 2464 gulae
496 2397 869 2451 ecclesiasticae
893 2412 955 2451 ea
977 2397 1042 2447 de
1061 2411 1118 2450 re
1148 2396 1267 2448 latae
1289 2400 1448 2470 atque
1476 2397 1818 2450 Indultorum
1838 2398 2087 2452 formuloe

329 2470 495 2516 erunt
522 2465 799 2518 servandae
822 2502 835 2526 ‚
869 2463 1049 2531 quoad
1088 2462 1193 2515 alia
1235 2463 1295 2513 in
1336 2463 1570 2530 singulis
1596 2464 1810 2516 casibus
1845 2467 1896 2517 S.
1926 2467 2082 2518 Sedis

335 2532 606 2583 sententia
630 2530 732 2583 erit
755 2529 1160 2596 expostulanda.

401 2598 645 2650 Secundo
691 2596 810 2648 aliae
856 2602 1147 2648 occurrunt
1172 2594 1406 2661 capellae,
1435 2596 1578 2663 apud
1594 2610 1728 2663 quas
1754 2597 2086 2651 conveniunt

334 2679 447 2715 ,non
470 2665 631 2715 modo
670 2662 953 2715 domestici
983 2668 1035 2713 et
1062 2661 1384 2723 familiareS‚
1435 2663 1531 2714 sed
1563 2663 1742 2715 coloni
1784 2680 2005 2732 quoque
2034 2673 2085 2717 et

331 2731 570 2782 cultores
602 2730 838 2797 proximi
863 2729 1158 2791 territorii,
1187 2734 1348 2796 atque
1374 2729 1601 2795 insuper
1639 2738 1942 2797 opportune
1985 2733 2079 2783 ad-

327 2797 555 2848 modum
588 2802 781 2862 praesto
806 2795 1168 2847 missionariis
1190 2810 1309 2847 esse
1368 2802 1577 2857 ossum,
1609 2802 1669 2848 ut
1700 2797 1825 2849 inde
1852 2799 2078 2849 sanctis-

326 2863 525 2914 simam
550 2862 945 2915 Eucharistiam
972 2862 1035 2913 ad
1053 2861 1295 2913 infirmos
1359 2861 1667 2914 eferendam
1697 2870 1930 2925 sumant,
1957 2879 2080 2916 cum

331 2928 618 2982 >intervallo
637 2930 869 2996 quodam
889 2928 1032 2980 haud
1050 2928 1246 2994 exiguo
1265 2928 1488 2981 ecclesia
1506 2930 1695 2995 procul
1716 2929 1843 2982 inde
1867 2931 2078 2983 existat.

401 2998 631 3047 Demum
658 2995 815 3048 tertio
841 2995 958 3046 loco
1002 3000 1352 3047 recensentur
1399 3009 1520 3061 quae
1553 2996 1724 3061 magis
1761 2998 1827 3049 ab
1857 2997 2081 3049 ecclesia

335 3061 563 3123 distant,
596 3068 757 3129 atque
794 3076 856 3114 ea
889 3061 1098 3113 ratione
1132 3061 1436 3114 constitutae
1471 3067 1598 3113 sunt
1631 3068 1691 3114 ut
1729 3063 1916 3116 haberi
1948 3077 2075 3130 pos-

327 3128 443 3179 sint
468 3129 636 3181 veluti
672 3128 1006 3180 succursales
1031 3133 1083 3179 et
1115 3127 1305 3179 filiales
1337 3129 1514 3194 quoad
1536 3129 1803 3189 *ecclesias
1841 3144 1939 3196 pro
1958 3130 2082 3182 ani-

338 3209 549 3246 marum
572 3210 699 3247 cura
723 3195 1046 3261 designataS.

404 3262 590 3322 Quoad
623 3261 804 3328 itaque
837 3261 1065 3327 capellas
1100 3261 1349 3312 secundae
1394 3266 1445 3312 et
1482 3261 1655 3313 tertiae
1693 3261 1896 3327 speciei
1936 3264 2073 3314 emi-

339 3328 647 3379 nentissimi
674 3330 853 3379 Patres
870 3328 1631 3392 censueruntpermittendum
1669 3337 1728 3379 ut
1750 3344 1815 3381 ex
1839 3329 2077 3396 episcopi

338 3394 606 3448 sententia
631 3394 1033 3447 sanctissimum
1060 3399 1453 3448 sacramentum
1480 3394 1535 3446 in
1562 3394 1631 3445 iis
1657 3394 1840 3448 haberi
1872 3396 2075 3462 possit3
