2470 4198
1214 515 1492 560 —88--'

459 612 523 664 ad
554 610 653 662 Dei
678 610 883 662 cultum
910 613 995 664 vel
1017 618 1476 674 sacramentorum
1517 610 2040 665 administrationem
2087 625 2211 678 pera

458 699 613 759 tinet,
631 697 920 765 diligenter
942 694 1210 758 lustrabit,
1234 696 1618 763 inspicietque.
1641 694 1696 745 Si
1719 693 1852 760 quid
1878 706 2006 745 vero
2027 708 2207 746 emen-

456 781 693 834 dandum
721 779 1160 847 deprehenderit,
1187 780 1401 832 decreta
1429 779 1637 832 emittat
1671 777 1736 829 ad
1758 779 1903 831 hunc
1936 778 2204 842 effectum,

461 882 583 933 quae
605 880 703 932 per
746 864 1009 918 vicarium
1039 865 1378 933 generalem,
1414 864 1499 917 vel
1531 863 1835 927 foraneum,
1862 864 2202 916 exsecutioni

459 951 576 1002 dari
597 949 823 1001 curabit.

493 1072 495 1074 -
519 1032 871 1085 Meminerint
905 1035 1163 1101 episcopi,
1187 1035 1253 1087 ad
1276 1050 1521 1089 normam
1547 1037 1978 1104 Apostolicarum
2004 1039 2207 1093 consti-

455 1121 730 1172 tutionum
749 1135 889 1174 onus
915 1119 1020 1173 sibi
1045 1120 1364 1174 incumbere
1390 1122 1604 1175 statutis
1628 1123 1964 1191 temporibus
1985 1126 2210 1176 Romam

453 1208 739 1272 veniendi,
785 1215 956 1262 status
1011 1209 1357 1276 propriarum
1394 1209 1710 1263 dioecesium
1738 1213 1790 1264 S.
1835 1210 1959 1264 Sedi
1992 1208 2210 1262 exhibi-

453 1296 589 1358 turi,
639 1302 691 1348 et
738 1297 826 1348 SS.
855 1297 1238 1363 Apostolorum
1263 1296 1456 1350 limina
1480 1295 1773 1350 visitaturi.

518 1381 568 1431 [ιο
592 1380 726 1433 Cum
743 1380 927 1447 aliqua
960 1395 1099 1434 nova
1125 1382 1350 1434 ecclesia
1375 1387 1456 1434 est
1479 1382 1775 1443 condenda,
1799 1379 1968 1433 totius
1990 1378 2201 1431 aedificii

449 1462 836 1529 ichnographia
874 1479 995 1516 cum
1027 1466 1263 1531 partium
1291 1472 1535 1519 accurata
1556 1467 1924 1520 delineatione
1961 1473 2043 1520 est
2087 1467 2203 1534 epi-

427 1569 431 1571 *
451 1552 599 1617 scopi
620 1553 935 1617 conspectui
957 1551 1320 1618 subjicienda;
1341 1567 1450 1605 non
1465 1557 1675 1606 tantum
1699 1565 1763 1604 eo
1782 1552 1887 1603 fine
1909 1557 1971 1603 ut
1987 1552 2053 1603 de
2072 1565 2200 1616 ope-

450 1637 525 1687 ris
547 1635 740 1687 decore
765 1635 852 1687 vel
876 1636 1142 1703 elegantia
1161 1636 1431 1701 Judicium
1455 1636 1609 1699 ferat,
1639 1637 1733 1688 sed
1754 1636 1926 1688 multo
1949 1636 2121 1702 magis
2139 1641 2200 1687 ut

449 1724 747 1790 dignoscat,
763 1729 947 1776 utrum
964 1721 1146 1773 omnia
1159 1721 1392 1773 rubricis
1407 1726 1462 1773 et
1475 1721 1851 1773 ecclesiasticis
1865 1719 2079 1786 legibus
2091 1721 2202 1771 sint

455 1807 771 1872 conformia,
798 1814 852 1860 et
876 1808 1039 1860 etiam
1062 1813 1248 1860 utrum
1279 1807 1344 1859 ad
1368 1805 1613 1858 fidelium
1636 1804 1891 1873 pietatem
1913 1807 2201 1861 fovendam

457 1895 670 1948 {edificii
694 1896 831 1948 ratio
853 1895 1028 1962 possit
1052 1893 1373 1946 conducere.
1401 1893 1702 1960 Diligenter
1730 1893 1899 1962 igitur
1919 1894 2199 1962 inspiciat,

451 1987 637 2034 utrum
662 1981 851 2033 altaria
873 1980 982 2032 sint
1007 1978 1399 2046 magnitudinis
1423 1978 1759 2040 sufficientiS‚
1799 1988 1852 2035 et
1876 1984 2203 2050 expositioni

448 2065 778 2118 sanctissimi
815 2068 1143 2120 sacramenti
1168 2074 1290 2135 apta.
1320 2069 1435 2128 (ubi
1460 2068 1574 2121 haec
1612 2069 1729 2120 fieri
1787 2067 1970 2133 solet),
2017 2075 2202 2121 utrum

450 2151 646 2216 gradus
668 2154 993 2220 presbyterii
1030 2154 1139 2206 sint
1160 2161 1303 2207 recte
1327 2155 1598 2222 dispositi,
1633 2161 1685 2206 et
1703 2156 1860 2208 sedes
1880 2157 2199 2209 ministran-

450 2237 588 2290 tium
607 2237 762 2303 juxta
792 2239 1038 2295 rubricas
1075 2244 1393 2292 constructae
1422 2259 1434 2291 :
1473 2245 1656 2292 utrum
1703 2240 1864 2291 etiam
1902 2240 2090 2292 fideles
2125 2241 2203 2292 al-

450 2323 581 2386 tare,
613 2328 665 2376 et
694 2338 872 2378 sacros
907 2325 1043 2377 ritus
1067 2325 1191 2392 qui}
1222 2325 1282 2376 in
1325 2338 1389 2377 eo
1413 2330 1766 2392 peraguntur,
1802 2326 1961 2379 facile
2007 2328 2205 2380 discer-

450 2426 580 2464 nere
612 2412 844 2465 valeant.
869 2415 978 2464 Nec
1006 2410 1147 2462 sinat
1173 2408 1524 2461 architectum
1543 2409 1608 2462 ad
1633 2410 2040 2463 aedificationem
2077 2426 2202 2477 pro-

451 2496 623 2563 gredi,
662 2496 770 2548 nisi
802 2497 860 2548 in
891 2497 976 2548 his
1024 2496 1297 2558 omnibuS‚
1347 2495 1598 2557 rubriciS,
1653 2494 1882 2547 decretis
1927 2502 1978 2548 et
2013 2498 2207 2550 usibus

451 2586 759 2652 approbatis
791 2583 1046 2636 Ecclesiae
1063 2597 1121 2633 se
1145 2580 1580 2634 conformaverit.

517 2671 567 2721 5⁰
597 2671 722 2721 Post
764 2673 1037 2735 peractam
1063 2667 1200 2719 hanc
1225 2665 1617 2734 provincialem
1641 2666 1937 2734 synodum,
1969 2677 2020 2723 et
2073 2686 2102 2723 a
2147 2674 2197 2723 S.

452 2757 588 2810 Sede
627 2758 745 2825 ejus
771 2754 1054 2808 emendata
1090 2754 1177 2806 vel
1209 2754 1502 2821 approbata
1544 2753 1774 2817 decreta,
1826 2756 2031 2823 singuli
2077 2756 2197 2822 epi-

452 2846 602 2911 scopi
628 2845 957 2897 dioecesanas
1000 2843 1373 2894 convocabunt
1418 2843 1680 2908 SynodOS,
1711 2843 1769 2894 in
1832 2844 2033 2911 quibus
2081 2846 2203 2897 Pro-

449 2927 697 2981 vincialis
721 2926 888 2993 hujus
915 2926 1146 2980 Concilii
1169 2927 1591 2993 promulgabunt
1613 2928 1842 2989 decreta,
1871 2936 1924 2981 et
1974 2945 2035 2982 ea
2081 2945 2203 2996 quae

452 3013 541 3065 hic
569 3013 656 3067 vel
682 3014 834 3077 alibi,
870 3014 928 3066 in
976 3014 1071 3066 tali
1121 3016 1335 3082 Synodo
1389 3015 1693 3083 peragenda
1737 3016 1822 3067 vel
1865 3015 2202 3066 decernenda

456 3102 897 3166 praescribuntur,
934 3100 1132 3152 facient
1185 3106 1236 3151 et
1291 3100 1599 3152 decernent.
1650 3099 2018 3152 Dioecesanam
2068 3099 2201 3163 Syn-

458 3185 639 3247 odum,
667 3186 713 3236 si
738 3185 855 3237 fieri
887 3191 1080 3251 potest,
1104 3185 1394 3252 quotannis
1421 3185 1785 3237 celebrabunt.

522 3272 572 3319 6⁰
611 3270 804 3322 Nullus
842 3270 1130 3335 episcopus
1155 3268 1371 3320 ordinet
1397 3268 1621 3320 clericos
1654 3284 1719 3320 ex
1763 3269 1961 3321 aliena²
1984 3269 2197 3320 dioecesi

447 3350 745 3415 oriundo&
798 3353 915 3405 sine
967 3351 1164 3404 litteris
1208 3352 1686 3416 testimonialibUS,
1741 3356 1824 3407 vel
1871 3353 2196 3407 dimissoriis
