2470 4198
1221 585 1273 590 ...
1313 561 1365 604 75
1398 586 1455 591 .-

527 657 575 706 5⁰
617 654 828 706 Fideles
866 654 979 718 qui,
1021 655 1089 705 ob
1131 654 1474 706 devotionem
1515 654 1593 704 vel
1634 653 1794 705 aliam
1831 668 2209 722 quamcunque

461 752 695 799 causam,
720 751 828 788 non
847 736 1194 803 frequentant
1220 737 1503 789 ecclesiam
1527 736 1684 802 quasi
1703 737 2083 802 parochialem,
2112 755 2211 792 seu

461 820 877 882 missionariam,
904 820 992 871 cui
1019 820 1325 887 assignatur
1348 835 1537 872 eorum
1563 819 1920 882 domicilium,
1950 836 2060 874 non
2085 824 2210 877 ideo

459 922 515 958 se
544 906 798 957 liberatos
845 904 1062 956 credant
1106 905 1172 956 ab
1218 904 1392 955 officio
1428 904 1602 970 ipsam
1654 903 1969 972 adjuvandi,
2010 911 2062 957 et
2094 907 2212 974 ejus

455 995 695 1055 pastores
721 987 1079 1040 sustentandi.
1112 987 1423 1049 Quinetiam
1448 987 1514 1038 de
1537 982 1841 1054 pauperum
1874 990 2057 1043 inedia
2085 993 2213 1046 sub-

458 1074 714 1135 levanda,
745 1078 796 1124 et
821 1073 886 1125 de
922 1072 1275 1139 parvulorum
1305 1069 1640 1134 educatione,
1667 1087 1820 1139 aeque
1853 1075 2073 1128 solliciti
2096 1091 2214 1130 esse

458 1158 654 1210 debent
706 1173 765 1210 ac
818 1159 860 1209 ii
922 1158 1017 1225 qui
1061 1157 1338 1225 propriam
1383 1158 1584 1209 adeunt
1624 1158 1928 1210 ecclesiam.
1975 1159 2213 1227 Ideoque

458 1242 823 1318 eleemosynis
849 1243 1005 1310 juxta
1043 1244 1187 1295 vires
1227 1257 1356 1294 suos
1409 1241 1683 1308 legitimos
1723 1248 1968 1308 pastores
2010 1245 2075 1296 ad
2114 1244 2216 1297 hoc.

451 1327 697 1379 officium
740 1328 1143 1390 communiant,
1184 1341 1419 1394 quorum
1457 1331 1536 1378 est
1562 1332 1622 1378 ut
1662 1324 1966 1378 sustineant
1999 1327 2212 1393 pondus

457 1413 566 1464 diei
600 1418 651 1464 et
682 1420 843 1465 aestus
869 1413 927 1464 in
953 1412 1112 1464 vinea
1140 1411 1361 1463 Domini
1390 1410 1631 1463 colenda

730 1534 919 1584 XXIV.
958 1535 1032 1583 De
1067 1533 1177 1584 vila
1222 1539 1267 1583 et
1303 1513 1570 1584 honestate
1603 1514 1932 1584 clericorum.

525 1656 684 1705 Recte
708 1669 738 1705 a
763 1653 994 1705 Domino
1029 1651 1070 1702 ii
1107 1652 1183 1703 sal
1215 1658 1372 1703 terrae
1406 1661 1808 1720 nuncupantur,
1839 1672 2073 1724 quorum
2105 1663 2212 1712 mi—

445 1738 689 1790 nisterio
713 1738 947 1790 aliorum
973 1742 1102 1789 sunt
1122 1738 1319 1789 animae
1342 1751 1374 1788 a
1395 1737 1651 1790 vitiorum
1676 1741 1964 1805 putredine
1990 1758 2211 1796 conser-

459 1820 666 1886 vandae,
705 1822 930 1889 quique,
959 1822 1005 1872 si
1041 1820 1149 1888 ipsi
1177 1820 1426 1872 infatuati
1458 1821 1680 1884 fuerint,
1708 1824 1800 1875 vix
1835 1825 1900 1876 ad
1931 1827 2213 1881 meliorem

459 1909 671 1974 frugem
694 1910 949 1971 poterunt
971 1903 1250 1965 renovari3
1276 1903 1372 1955 sed
1401 1904 1594 1966 simul,
1635 1919 1757 1956 cum
1795 1911 2212 1965 commisso-sibi

459 1999 650 2058 grege,
677 1989 737 2041 in
761 1989 916 2055 pejus
941 1995 1129 2048 ruent,
1167 1988 1370 2054 eritque
1406 1989 1548 2040 sicut
1569 1988 1808 2055 populus
1841 1994 1918 2043 sic
1950 1997 2210 2049 sacerdos.

458 2078 600 2142 (Isa.
628 2076 842 2136 xx1v,⁶)
811 2093 872 2136 ..3
901 2072 1047 2124 Osee.
1078 2089 1150 2134 xv,
1179 2072 1253 2139 9.)
1277 2073 1433 2134 Quod
1467 2071 1519 2122 si
1543 2072 1620 2124 ita
1650 2073 1825 2126 luceat
1854 2077 2086 2141 pastoris
2119 2079 2213 2130 lux

459 2175 638 2213 coram
662 2158 999 2219 hominibuS,
1035 2164 1096 2210 ut
1125 2157 1426 2225 glorificent
1454 2159 1666 2210 Patrem
1695 2160 1812 2227 eJ‘us
1844 2160 1940 2226 qui
1973 2161 2034 2213 in
2066 2163 2213 2216 coelis
2298 2176 2301 2179 ⁴

459 2250 565 2306 est,
606 2248 658 2295 et
694 2243 941 2294 sacerdos
976 2241 1035 2291 in
1083 2241 1338 2293 omnihus
1373 2242 1617 2305 seipsum
1652 2246 1888 2308 praebeat
1925 2250 2215 2316 eoeemplum

461 2329 719 2379 bonorum
768 2342 1008 2393 operum,
1046 2327 1105 2377 in
1128 2326 1390 2387 doctrina,
1422 2326 1481 2376 in
1518 2326 1840 2391 inteqritate,
1869 2331 1927 2380 in
1955 2335 2217 2397 qravitate

447 2415 610 2479 -(Tit.,
641 2429 704 2475 11,
732 2411 802 2478 7),
831 2418 892 2463 ut
915 2412 963 2463 is
989 2411 1085 2479 qui
1111 2426 1177 2463 ex
1200 2411 1426 2463 adverso
1449 2416 1531 2463 est
1554 2419 1821 2475 vereatur,
1845 2414 1985 2466 nihil
2008 2417 2211 2470 malum

462 2502 664 2553 habens
697 2500 876 2552 dicere
924 2497 992 2548 de
1018 2496 1206 2558 nobiS,
1245 2499 1375 2547 tunc
1408 2494 1629 2561 quidem
1672 2496 1954 2550 aedi-ficabit
1988 2501 2210 2553 domum

459 2586 558 2637 Dei
598 2585 739 2637 vivis
783 2590 836 2637 et
881 2582 1067 2635 electis
1105 2581 1401 2648 lapidibuS,
1434 2585 1487 2631 et
1520 2589 1792 2635 crescente
1829 2585 2084 2639 Ecclesiae
2119 2603 2211 2641 so-

440 2669 603 2733 ·bole,
633 2677 685 2722 et
709 2667 1047 2721 credentium
1078 2663 1455 2724 multitudine,
1498 2660 1744 2717 dilatabit
1779 2666 1959 2719 locum
1992 2674 2211 2725 tentorii

460 2756 575 2818 sui,
639 2759 692 2806 et
733 2753 904 2820 pelles
958 2750 1429 2804 tabernaculorum
1483 2751 1758 2803 extendet.
1807 2751 1943 2819 (Isa.
1993 2772 2098 2820 mv,
2127 2760 2213 2826 2.)

462 2839 696 2890 Maxima
727 2837 897 2904 igitur
932 2833 1300 2886 sollicitudine
1325 2844 1515 2886 omnes
1553 2834 1668 2899 qui,
1694 2833 1753 2885 in
1786 2835 2079 2890 excolenda
2101 2841 2212 2891 Do-

448 2925 595 2977 ·mini
627 2924 805 2984 vinea,
827 2922 988 2976 nobis
1007 2922 1354 2983 collaborant,
1383 2920 1680 2982 hortamur,
1709 2925 1789 2982 ut,
1819 2929 2074 2976 nascente
2097 2924 2208 2991 J'am

462 3024 604 3061 novo
647 3022 833 3060 rerum
882 3000 1367 3058 ecclesiasticarum
1404 3004 1614 3066 ordine,
1655 3011 1987 3058 renoventur
2015 3008 2212 3074 spiritu

452 3094 662 3146 >mentis
694 3107 824 3154 suae,
865 3089 1248 3143 resuscitantes
1291 3091 1514 3156 gratiam
1558 3088 1656 3141 Dei
1682 3104 1805 3156 quae
1838 3097 1918 3144 est
1959 3093 2019 3145 in
2053 3094 2205 3159 ipsiS,

465 3194 560 3243 per
582 3175 992 3243 impositionem
1021 3187 1283 3225 manuum
1319 3178 1644 3225 nostrarum.
1668 3174 1823 3241 (Eph.
1846 3181 1918 3238 iv,
1945 3177 2054 3244 23.)
2078 3178 2208 3238 Quae

467 3276 593 3327 orgo
625 3264 933 3326 sequuntur
956 3264 1200 3310 accurate
1228 3257 1951 3313 observandavdecernimuS.

532 3347 579 3394 1υ
616 3345 934 3396 Abstineant
964 3345 1263 3397 sacerdotes
1290 3358 1318 3395 a
1350 3343 1668 3411 spectaculis
1696 3346 1828 3399 viro¹
1847 3346 2207 3398 ecclesiastico
