2470 4198
1190 616 1249 649 4..
1281 616 1337 662 68
1372 641 1427 647 ,-

494 714 578 764 200
615 708 849 765 Tandem
919 711 1270 763 meminerint
1306 709 1640 769 sace1·doteS‚
1692 702 1964 756 infinitum
2016 703 2179 770 hujus

429 796 748 848 sacramenti
798 800 851 847 et
901 795 1150 848 sacrificii
1225 795 1462 861 pretium
1508 795 1568 845 in
1623 790 1910 856 praesentia
1962 789 2178 844 Domini

428 880 606 934 Nostri
646 882 776 932 Jesu
821 878 1022 931 Christi
1067 881 1393 942 consistere,
1448 880 1559 930 non
1606 879 1664 929 in
1716 875 1976 930 exteriori
2001 878 2179 930 cultus

424 967 720 1032 apparatu,
761 963 997 1031 ideoque
1046 964 1219 1017 satius
1246 977 1364 1016 esse
1395 962 1717 1029 simpliciter
1742 964 1963 1017 Missam
1989 965 2178 1018 lectam

426 1052 678 1105 fidelibus
703 1033 977 1118 praebere,
1011 1062 1192 1117 ‘quam
1217 1048 1360 1101 ultra
1390 1048 1536 1101 vires
1562 1037 1949 1101 solemniorem
1975 1053 2179 1101 tentare

427 1136 620 1199 ritum,
672 1133 1009 1187 caeremoniis
1056 1147 1198 1199 saepe
1242 1131 1380 1184 foede
1428 1132 1726 1199 deturpatis
1755 1173 1769 1197 ,
1819 1151 1879 1188 ac
1930 1136 2180 1189 musicali

428 1207 614 1291 inepto
650 1226 914 1275 concentu
938 1221 1266 1274 devotionen
1315 1220 1498 1287 potius
1541 1218 1777 1285 pellente
1824 1235 1987 1288 quam
2034 1219 2182 1272 exci-

432 1315 597 1362 tante.
629 1310 827 1362 Cantus
851 1309 1049 1376 igitur,
1083 1300 1354 1374 praecipue
1399 1307 1455 1358 in
1480 1307 1646 1358 Missa
1693 1311 1742 1356 et
1791 1306 2176 1358 Benedictione

427 1393 765 1446 sanctissimi
798 1391 1126 1445 Sacramenti
1149 1427 1162 1454 ,
1192 1389 1261 1442 sit
1286 1388 1463 1458 gravis
1485 1395 1536 1442 et
1554 1389 1782 1440 devotus
1807 1427 1820 1451 ‚
1870 1395 1930 1441 ut
1962 1390 2182 1443 audien-

426 1485 506 1531 tes
531 1477 716 1529 fideles
738 1466 905 1528 modo
943 1473 1066 1528 cum
1105 1475 1415 1541 Augustino
1440 1474 1506 1526 ad
1527 1474 1791 1540 lacrymas
1829 1484 2179 1541 moveantur,

429 1559 615 1621 mod0,
641 1573 767 1610 cum
796 1554 977 1612 'choris
998 1551 1352 1627 Angelorum,
1395 1562 1581 1614 laudes
1629 1565 1743 1615 Deo
1775 1566 1827 1613 et
1857 1564 2011 1630 Agno
2055 1579 2176 1616 cum

423 1642 637 1709 ‘ingenti
660 1644 945 1696 concinant
968 1640 1171 1698 laetitia.
1225 1647 1386 1698 Pueri
1425 1647 1587 1699 etiam
1613 1651 1860 1703 musicen
1884 1652 1939 1703 in
1976 1653 2198 1719 scholis*

427 1723 783 1792 edoceantur,
848 1722 923 1781 ut
952 1728 1279 1782 feminarum
1314 1768 1329 1792 ,
1379 1732 1613 1785 maxime
1668 1736 1845 1799 pretio
1889 1739 2177 1790 conducta-

429 1826 570 1875 rum,
587 1812 647 1863 in
679 1812 843 1865 choro
867 1819 1179 1876 concentUS,
1207 1815 1273 1865 ab
1296 1815 1553 1867 Ecclesiis
1580 1817 1958 1872 excludantur.
1984 1821 2180 1888 Sicque

427 1895 690 1962 paulatim
735 1896 838 1948 erit
883 1894 1057 1963 (quod
1101 1897 1336 1950 maxime
1388 1901 1665 1967 optamus)
1721 1906 1894 1958 totum
1940 1903 2181 1956 fidelium

430 1983 626 2030 coetum
670 1977 919 2030 unanimi
945 1980 1094 2031 vocis
1133 1986 1185 2032 et
1213 1982 1390 2034 cordis
1414 1996 1686 2036 consensu
1726 1985 2044 2052 psallentem
2089 2003 2184 2040 au-

430 2061 566 2114 dire.

496 2148 615 2198 Non
646 2147 719 2199 ita
737 2148 1091 2214 'protrahatur
1113 2155 1301 2203 cantus
1322 2191 1336 2214 ‚
1382 2159 1441 2205 ut
1477 2154 1658 2206 Missae
1681 2168 1902 2216 cursuS‚
1953 2156 2061 2207 nisi
2086 2157 2181 2208 ubi

430 2230 679 2282 Rubricae
702 2231 923 2295 sinunt,
951 2234 1395 2303 interrumpatur.

784 2357 954 2426 XIX.
993 2358 1068 2407 De
1108 2370 1430 2420 sacramento
1473 2365 1813 2427 poenitentiae.

499 2485 634 2536 Cum
664 2484 766 2537 hoc
791 2491 1186 2538 sacramentum
1209 2488 1442 2539 secunda
1467 2493 1610 2540 recte
1635 2489 1846 2542 dicatur
1882 2498 2005 2558 post
2034 2508 2175 2546 nau-

430 2569 666 2635 fragium
690 2571 897 2634 tabula,
957 2587 1191 2639 cumque
1225 2586 1415 2625 omnes
1453 2573 1858 2639 peccaverimus
1905 2589 1965 2626 ac
2010 2576 2181 2643 gloria

431 2656 530 2708 Dei
557 2671 810 2722 egeamus
849 2657 1025 2725 (Rom.
1065 2652 1152 2719 ιη’,
1188 2657 1308 2722 23),
1354 2658 1419 2709 ab
1461 2656 1580 2722 ipsa
1618 2662 1805 2708 tenera
1827 2662 1980 2708 aetate
2007 2660 2182 2710 omni-

431 2746 536 2797 bus
598 2743 920 2796 inculcanda
968 2748 1046 2792 est
1100 2746 1208 2792 tam
1262 2740 1514 2792 salutaris
1579 2739 1863 2791 medicinae
1912 2740 2141 2794 efficacia
2166 2780 2179 2804 ‚

433 2835 661 2902 ejusque
728 2847 863 2884 usus
924 2831 1112 2883 sedulo
1165 2826 1560 2887 exercitandus.
1624 2822 1958 2875 Exhortandi
2017 2824 2178 2876 etiam

434 2926 562 2973 sunt
610 2917 829 2979 fideles,
877 2921 938 2968 ut
987 2930 1099 2967 non
1141 2914 1303 2965 modo
1352 2911 1521 2964 semel
1564 2910 1623 2962 in
1665 2925 1846 2971 ann0‚
1894 2911 1980 2963 vel
2032 2927 2178 2974 ram,

437 3009 531 3062 sed
582 3022 724 3074 saepe
777 3005 844 3056 ad
887 3001 989 3053 hoc
1028 3001 1299 3052 lavacrum
1358 2997 1553 3049 animae
1598 3000 1903 3059 recurrant3
1966 2995 2077 3050 imo
2123 3005 2183 3051 ut

434 3090 651 3159 quoties
712 3080 916 3156 peccati
963 3085 1149 3139 sordes
1209 3083 1604 3144 contraxerint,
1654 3079 1811 3137 toties
1860 3090 2180 3141 munditiem

438 3178 726 3244 exquirant
764 3174 1013 3242 :quoties
1047 3170 1422 3239 aegritudinem
1453 3169 1724 3232 sentiant,
1783 3179 2073 3239 properent
2113 3174 2178 3223 ad

438 3261 720 3313 medelam.
777 3260 855 3310 De
901 3256 1366 3310 administratione
1392 3253 1560 3320 igitur
1587 3252 1813 3323 hujusce
1864 3258 2179 3310 sacramenti

438 3359 560 3411 quae
593 3348 900 3411 sequuntur
933 3340 1265 3394 observanda
1288 3342 1649 3392 decernimus

509 3430 555 3478 1⁰
591 3428 653 3478 In
679 3426 826 3479 omni
854 3427 1078 3479 ecclesia
1104 3427 1383 3494 erigendas
1426 3427 1768 3493 praecipimus
1796 3468 1808 3492 ,
1863 3430 1905 3480 si
1931 3430 2037 3497 Jam
2072 3445 2179 3482 non
