2470 4198
1174 534 1230 541 —-
1261 509 1346 554 158
1375 535 1432 540 —

425 617 477 662 et
531 603 1019 659 consuctudinibus
1064 616 1091 652 a
1133 618 1459 671 quocunque
1499 605 1656 654 eliam
1715 610 2080 664 vetustissimo
2120 619 2171 663 ρ(

419 671 838 727 immemorabili
869 675 1107 734 tempore
1137 669 1375 720 inductis
1397 684 1612 721 omnem
1648 687 1868 737 prorsus
1894 675 2163 742 obligandi
2219 702 2226 708 ,

416 748 506 793 aut
530 739 671 807 juris
704 734 962 789 afferendi
993 734 1103 785 vim
1142 750 1207 785 ex
1242 735 1582 800 plenitudine
1616 740 1936 804 Apostolicae
1971 752 2165 795 nostrae

418 805 749 859 auctoritatis
782 801 1026 854 tollimus
1060 806 1111 852 et
1135 802 1480 867 abrogamus
1509 804 1648 855 Hinc
1684 806 2089 874 archiepiscopo
2113 818 2163 861 et

418 873 685 940 episcopis
727 868 936 934 Angliae
968 868 1243 933 integrum
1278 867 1379 918 erit
1405 881 1466 918 ea
1502 884 1663 934 porro
1695 873 2003 935 decernere,
2043 889 2165 941 quae

419 941 483 990 ad
510 935 816 990 communis
839 933 980 1000 juris
1008 932 1417 1008 ‘exsecutionem
1441 937 1733 1000 pertinent,
1753 953 1939 1004 quaeve
1979 955 2043 990 ex
2078 956 2168 1007 ge-

418 1005 590 1065 nerali
643 1004 761 1069 ipsa
816 1000 1069 1052 Ecclesiae
1112 999 1398 1065 disciplina
1439 1002 1816 1069 episcoporum
1858 1005 2165 1058 auctoritati

413 1070 677 1139 permissa
701 1074 846 1120 sunt.
872 1068 978 1142 Nos
991 1072 1166 1118 autem
1189 1065 1331 1117 haud
1353 1074 1494 1119 certe
1517 1069 1829 1123 omittemus
1855 1073 2039 1123 adesse
2059 1072 2169 1124 illis

416 1137 724 1204 Apostolica
761 1140 1076 1186 auctorltate
1118 1138 1330 1194 nostra,
1375 1140 1427 1185 et
1456 1135 1749 1200 perlibenti
1785 1138 1943 1189 etiam
1983 1139 2165 1191 animo

418 1202 913 1257 obsecundabimus
941 1201 1250 1251 eorumdem
1278 1201 1735 1265 postulationihus
1762 1205 1819 1255 in
1844 1205 1931 1265 iis,
1958 1220 2079 1270 quae
2102 1205 2166 1256 ad

423 1271 679 1337 maiorem
723 1267 897 1319 divini
932 1266 1171 1318 nominis
1216 1267 1440 1332 gloriam
1486 1270 1897 1336 animarumque
1939 1272 2166 1322 salutem

420 1338 722 1389 conducere
740 1334 855 1385 visa
867 1332 1091 1384 suerint.
1118 1332 1408 1384 Enimvero
1432 1335 1538 1385 Nos
1555 1335 1611 1385 in
1654 1337 1996 1389 restitutione
2021 1338 2167 1388 ordi-

418 1404 584 1456 nariae
604 1403 978 1468 episcoporum
1005 1399 1340 1460 hierarchiae,
1367 1406 1415 1450 et
1437 1402 1741 1453 communis
1757 1403 2010 1454 Ecclesiae
2024 1403 2166 1468 juris

418 1468 795 1523 observatione
829 1466 1029 1517 nostris
1062 1466 1210 1516 hisce
1247 1466 1442 1517 litteris
1476 1468 1810 1520 decernenda
1844 1484 1907 1520 eo
1940 1470 2162 1535 quidem

417 1536 687 1603 praecipue
716 1531 1101 1606 spectavimuffi
1138 1539 1200 1606 ut·
1218 1533 1491 1584 catholicae
1517 1535 1801 1600 religionis
1827 1550 1926 1600 per
1953 1536 2160 1601 Angliae

418 1616 646 1668 regnum
693 1604 1038 1666 prosperitati
1078 1604 1129 1649 et
1186 1606 1520 1651 lucremento
1567 1602 2030 1667 prospiceremus3
2068 1602 2163 1652 sed

418 1683 526 1720 una
556 1667 721 1718 simul
748 1664 1084 1731 propositum
1110 1663 1274 1715 Nobis
1298 1664 1402 1717 fuit
1426 1666 1563 1717 votis
1593 1682 1833 1718 annuere
1862 1675 1975 1719 tum
2001 1682 2164 1719 vene-

417 1734 672 1786 rabilium
694 1731 921 1783 fratrum
947 1743 1010 1781 eo
1031 1729 1090 1780 in
1118 1744 1300 1795 regno*
1316 1746 1490 1783 sacras
1515 1748 1601 1784 res
1625 1734 1824 1784 vicaria
1846 1737 1885 1784 A
1893 1733 2167 1800 postolicae

419 1801 571 1852 Sedis
609 1799 924 1851 auctoritate
950 1796 1375 1859 moderantium,
1403 1803 1516 1849 tum
1552 1800 1913 1866 plurimorum
1948 1800 2167 1850 dilecto-

419 1881 542 1919 rum
571 1866 834 1917 Filiorum
863 1879 928 1916 ex
962 1862 1222 1914 catholico
1253 1864 1397 1916 clero
1419 1879 1478 1916 ac
1505 1867 1736 1932 populo,
1773 1881 1802 1916 a
1828 1866 2029 1932 quibus
2065 1865 2168 1916 im-

416 1932 770 2000 pensissimas
791 1931 850 1982 in
878 1944 1003 1982 eum
1028 1930 1186 1980 finem
1207 1943 1394 1995 preces
1420 1944 1813 1998 acceperamus,
1842 1934 1955 1983 Hoc
1988 1932 2167 1997 ipsum

420 2014 530 2052 non
560 1998 729 2050 semel
762 1996 1166 2063 postulaverant
1188 1996 1410 2048 illorum
1436 1999 1666 2065 majores
1698 2014 1724 2050 a
1752 1997 2165 2065 praedecessori-

418 2069 521 2119 bus
545 2065 763 2124 nostriS‚
796 2063 891 2130 qui
917 2077 1046 2137 sane
1080 2061 1310 2114 vicarios
1332 2065 1668 2130 Apostolicos
1708 2071 1821 2116 tum
1853 2065 2071 2116 demum
2107 2063 2167 2114 in

419 2131 616 2198 Anglia
637 2131 894 2196 deputare
923 2144 1033 2180 orsi
1053 2127 1268 2181 fuerant
1289 2144 1410 2181 cum
1436 2131 1574 2182 nulli
1596 2129 1798 2183 ibidem
1823 2143 2042 2182 manere
2071 2143 2166 2196 po-

421 2202 594 2250 terant
610 2195 860 2249 catholici
883 2194 1150 2269 antistites
1173 2196 1446 2262 propriam
1468 2196 1526 2248 in
1544 2212 1710 2272 regno
1730 2199 1848 2263 ipso
1872 2194 2166 2248 Ecclesiam

422 2264 696 2316 ordinario
721 2262 844 2329 jure
890 2263 1226 2322 obtlnenteS‚
1261 2267 1419 2328 atque
1451 2262 1579 2314 hinc
1614 2263 1834 2315 illorum
1873 2260 2162 2313 consilium

423 2333 482 2382 in
529 2329 854 2382 vicariorum
899 2340 1129 2379 numero
1173 2332 1225 2379 et
1266 2328 1610 2381 vicarialibus
1652 2330 1787 2395 ipsis
1831 2326 2167 2380 districtibus

422 2397 676 2462 deinceps
701 2396 899 2446 iterum
927 2400 1087 2460 atque
1112 2393 1311 2446 iterum
1338 2395 1779 2461 multiplicandiS‚
1810 2409 1918 2445 non
1943 2406 2006 2445 eo
2027 2401 2168 2443 certe

425 2465 696 2529 spectabat
718 2467 777 2513 ut
802 2460 1116 2512 catholicam
1147 2475 1262 2512 rem
1291 2460 1349 2512 in
1373 2461 1581 2527 Angliae
1603 2475 1768 2528 regno
1793 2458 2166 2512 extraordina-

415 2533 507 2580 „ria
526 2529 731 2595 jugiter
753 2528 960 2578 ratione
984 2526 1411 2589 moderarentur,
1440 2527 1535 2579 sed
1566 2529 1745 2594 potius
1776 2534 1835 2579 ut
1860 2526 1974 2592 ejus
1993 2524 2168 2575 incre-

426 2602 609 2648 mento
651 2599 811 2660 prout
862 2599 1100 2658 tempora
1143 2593 1386 2645 ferebant
1424 2595 1816 2660 prospicientes
1867 2592 2008 2643 viam
2061 2605 2169 2642 una

426 2661 590 2713 simul
609 2665 859 2727 pararent
877 2659 1163 2710 ordinariae
1177 2659 1290 2711 illic
1307 2661 1632 2712 Hierarchiae
1648 2662 1861 2712 tandem
1881 2657 2169 2722 aliquando

424 2727 806 2779 instaurandae.
853 2727 1038 2791 ltaque
1084 2728 1208 2787 Nos,
1254 2726 1455 2791 quibus
1496 2732 1703 2778 tantum
1747 2740 1883 2791 opus
1916 2723 2171 2790 perficere

426 2809 640 2846 summo
662 2792 759 2844 Dei
777 2790 1036 2844 beneficio
1056 2791 1237 2843 datum
1259 2797 1355 2854 est,
1384 2793 1483 2844 hoc
1501 2794 1620 2858 ipso
1641 2794 1697 2843 in
1713 2793 1828 2843 loco
1843 2790 2166 2842 declaratum

427 2860 697 2920 volumus,
719 2858 877 2923 longe
898 2871 1114 2923 prorsus
1133 2860 1320 2910 abesse
1339 2874 1368 2911 a
1387 2867 1565 2910 mente
1584 2858 1932 2922 consiliisque
1952 2854 2168 2914 nostris,

426 2934 484 2978 ut
519 2927 788 2977 antistites
825 2923 1061 2988 An'gliae‚
1107 2924 1502 2978 ordinariorum
1546 2927 1916 2991 episcoporum
1952 2920 2172 2972 nomine

427 3009 485 3044 ac
513 2991 730 3057 juribus
776 2989 1024 3056 insigniti
1053 3004 1372 3056 quacunque
1395 2992 1498 3043 alia
1519 2992 1577 3042 in
1601 3007 1658 3043 re
1686 2987 1979 3042 commodis
2001 2985 2172 3038 desti-

427 3064 667 3118 tuantur,
694 3056 895 3124 quibus
927 3057 1149 3107 antehac
1188 3072 1294 3108 una
1327 3073 1447 3109 cum
1478 3057 1908 3123 Apostolicorum
1934 3051 2169 3103 vicario-

433 3139 552 3175 rum
579 3124 736 3174 titulo
758 3122 1097 3173 fruebantur.
1125 3123 1231 3173 Neo
1261 3125 1406 3175 enim
1437 3125 1573 3176 ratio
1598 3123 1756 3183 sinit,
1784 3126 1844 3174 ut
1867 3120 1924 3170 in
1950 3119 2169 3169 illorum

432 3190 813 3241 detrimentum
851 3191 1038 3241 cedant
1068 3203 1188 3254 quae
1219 3204 1248 3240 a
1285 3191 1448 3241 Nobis
1474 3207 1542 3241 ex
1565 3189 1948 3241 catholicorum
1974 3183 2172 3249 Anglo-

433 3270 552 3306 rum
589 3262 711 3307 voto
748 3255 806 3305 in
846 3256 1046 3307 bonum
1093 3270 1253 3307 sacrae
1288 3258 1429 3322 apud
1469 3257 1615 3321 ipsos
1663 3255 1741 3307 rei
1781 3255 1991 3305 decreta
2025 3253 2167 3300 sunt.

433 3324 590 3372 Juxta
613 3321 724 3373 haec
748 3322 1055 3372 firmissima
1074 3321 1239 3374 immo
1267 3337 1359 3388 spe
1394 3322 1622 3374 nitimur
1655 3321 1767 3374 fore
1807 3325 1865 3371 ut
1894 3316 2059 3368 iidem
2091 3313 2171 3365 di-

2467 513 2470 523 -
2430 0 2470 472 ..Mansa-himinam
