2470 4198
1129 550 1187 557 --
1218 525 1300 569 «166
1331 550 1389 557 —

392 631 449 676 ut
467 626 592 675 S.V.
610 623 842 688 benigne
856 620 1133 684 dignetur,
1151 634 1259 685 quo
1277 621 1560 686 specialior
1584 623 1634 672 S.
1661 623 1888 687 Georgio
1913 623 2120 689 Angliae

387 697 609 758 patrono
623 689 888 740 tribuatur
907 686 1102 747 cultuS,
1116 692 1168 736 et
1183 686 1427 739 confusio
1445 687 1710 739 devitetur
1724 688 1782 738 in
1802 702 2118 740 concurren-

388 758 460 808 tia
475 755 702 805 aliarum
717 753 1306 815 commemorationum,
1321 753 1608 805 extendere
1628 755 1692 806 ad
1710 768 1896 805 omnes
1910 753 2117 819 Angliae

386 823 640 873 dioeceses
672 819 943 871 indultum
969 832 1283 869 concessum
1312 834 1410 884 per
1441 820 1715 872 decretum
1741 822 1790 871 S.
1819 822 2119 885 congrega-

385 887 548 938 tionis
567 885 1027 945 sanctissimorum
1045 885 1267 935 Rituum
1293 886 1398 939 sub
1417 886 1505 938 die
1525 887 1590 934 22
1608 886 2007 946 Januarii1852‚
2026 899 2117 936 cu-

379 954 467 1018 jUs
490 952 544 1002 vi
565 952 890 1017 permissum
929 950 988 1001 in
1025 950 1239 1002 dioecesi
1275 951 1799 1017 Northamptonensi,
1826 957 1886 1004 ut
1906 950 2118 1003 recitari

382 1017 552 1084 possit
575 1018 641 1069 ad
662 1019 925 1083 Vesperas
964 1023 1014 1069 et
1037 1017 1242 1068 Laudes
1266 1017 1322 1068 in
1349 1017 1617 1084 suffragiis
1643 1018 1753 1071 hoec
1789 1030 2114 1070 commemo-

382 1083 550 1135 ratio:
579 1083 900 1150 antiphona:
927 1084 1110 1135 Sancti
1125 1098 1227 1148 μετ’
1258 1084 1406 1149 fidem
1438 1085 1675 1135 vicerunt
1698 1099 1884 1150 regma,
1914 1084 2118 1149 operati

381 1158 504 1200 sunt
526 1150 825 1216 justitiam,
862 1150 1040 1214 adepti
1074 1159 1196 1200 sunt
1234 1151 1681 1214 repromissiones.
1708 1155 1759 1213 Ῡ.
1785 1151 1946 1201 Scuto
1972 1150 2117 1201 bonoe

379 1215 669 1267 voluntatis
706 1224 824 1267 tuoe.
869 1221 922 1277 ἡ.
951 1216 1233 1267 Coronasti
1258 1233 1385 1278 eum,
1426 1218 1675 1278 Domine,
1718 1231 1842 1268 cum
1874 1217 2112 1268 oratione

383 1287 657 1334 consueta.

444 1351 522 1399 Ex
548 1347 826 1401 audientia
852 1348 1202 1408 sanctissimi,
1230 1349 1408 1401 habita
1434 1349 1520 1401 die
1546 1351 1607 1400 13
1629 1347 1804 1401 Martii
1834 1349 1979 1399 1853.

444 1413 824 1466 Sanctissimus
862 1414 1125 1465 Dominus
1163 1416 1350 1466 Noster
1394 1415 1520 1466 Pius
1561 1415 1744 1467 divina
1776 1414 2113 1479 providentia

379 1484 517 1546 Papa
559 1482 654 1542 lx,
694 1479 960 1532 referente
1004 1495 1090 1531 me
1128 1480 1469 1547 infrascripto
1499 1484 1548 1534 S.
1586 1483 1641 1533 C.
1670 1483 1735 1534 de
1769 1481 2110 1546 Propaganda

376 1548 506 1598 Fide
537 1546 839 1607 secretario,
877 1561 1061 1612 preces
1087 1561 1248 1613 supra
1281 1548 1602 1613 descriptaS,
1641 1562 1740 1599 nec
1774 1561 1882 1597 non
1926 1552 2110 1597 votum

379 1612 934 1664 eminentissimorum
956 1614 1052 1663 PP.
1068 1615 1236 1664 Sacrae
1249 1614 1686 1688 Congregationis
1710 1613 1940 1677 benigne
1957 1626 2109 1663 exce-

373 1679 469 1745 pit,
489 1685 539 1729 et
562 1679 621 1730 in
641 1678 893 1729 omnibus
919 1692 1014 1743 pro
1039 1679 1204 1744 gratia
1224 1686 1414 1731 annuit
1430 1681 1579 1746 juxta
1611 1678 1804 1746 petita:
1827 1678 2107 1729 contrariis

376 1746 794 1810 quibuscunque
819 1744 960 1795 haud
986 1745 1345 1797 obstantibus,

375 1889 379 1893 Α
439 1831 555 1880 Dat.
586 1843 650 1879 ex
676 1829 772 1879 aed.
803 1829 852 1879 S.
883 1829 938 1880 C.
968 1828 1032 1879 de
1059 1830 1403 1895 Propaganda
1426 1829 1572 1890 Fide,
1595 1830 1681 1881 die
1709 1833 1769 1882 111·
1803 1833 1931 1885 Maii
1958 1834 2102 1884 1853.

471 1930 653 1981 Gratis
678 1930 790 1979 sine
819 1928 931 1978 ulla
956 1930 1163 1979 omnino
1196 1928 1456 1980 solutione
1490 1948 1795 2001 quocunque
1825 1933 2003 1986 titula.
2090 1963 2094 1966 ·

1230 2032 1290 2080 Α.
1325 2031 1603 2095 Brumae,
1628 2051 1660 2083 a
1679 2037 1905 2087 secretis.

572 2100 640 2148 L..
662 2102 709 2150 ›1‹
738 2099 787 2148 S.
