2470 4198
987 549 1222 593 „15-

226 665 344 704 rum
366 649 873 717 Nottinghamiens,
896 647 1102 699 scilicet
1124 639 1522 709 Newportensis
1542 637 1591 683 et
1609 628 1971 689 Menevensis‚

223 740 273 785 et
296 733 758 799 HagulstadensiS‚
796 732 953 784 modo
972 731 1083 796 jam
1115 729 1364 794 exposito
1391 719 1693 775 existentis,

288 818 583 883 «Cumque
634 818 883 869 advocata
932 814 1135 866 fuerint
1179 804 1422 876 Capitula
1470 809 1877 860 Suthwarcense
1924 813 1974 858 et

221 905 631 966 Beverlacense‚
662 909 712 955 et
738 904 931 954 horum
959 906 1333 969 procuratores
1365 896 1606 948 nondum
1633 894 1968 955 advenerint,

222 1002 351 1054 rogo
382 997 440 1040 ut
468 988 784 1055 protestatio
826 989 891 1039 de
928 1001 1117 1038 eorum
1156 983 1399 1035 absentia
1440 981 1770 1043 admittatur,
1805 988 1974 1049 utque

218 1072 323 1138 ipsi
361 1074 588 1125 debeant
624 1089 808 1125 causas
842 1089 954 1124 suae
998 1070 1363 1124 excusationis
1410 1068 1665 1120 exhibere
1703 1071 1974 1136 episcopis

218 1156 483 1220 deputatis
499 1158 868 1210 Beverlacensi
896 1163 946 1207 et
961 1153 1491 1220 Bit-minghamiensi‚
1520 1160 1570 1204 et
1592 1170 1689 1220 pro
1705 1171 1831 1208 casu
1854 1173 1976 1223 pro-

218 1244 478 1295 curatoris
509 1243 938 1303 Beverlacensis,
970 1241 1256 1307 episcopus
1298 1238 1807 1291 Northantoniensis
1858 1251 1975 1308 agat

220 1327 335 1379 vice
363 1326 601 1394 episcopi
628 1326 1054 1382 Beverlacensis.

282 1417 579 1482 «Cumque
619 1415 858 1483 episcopi
910 1409 1335 1464 Suthwarcensis
1382 1413 1431 1459 et
1467 1408 1975 1461 Northantonicnsis

215 1518 306 1556 eos
342 1504 484 1555 viros
519 1503 840 1554 adduxerint
882 1508 1135 1566 tanquam
1186 1496 1465 1561 theologos
1504 1508 1642 1561 quos
1676 1497 1974 1561 respectiva

212 1586 442 1652 capitula
487 1586 767 1651 elegerant
800 1586 866 1637 ad
901 1600 958 1636 se
1003 1579 1451 1648 repraesentanda,
1492 1585 1691 1632 etcum
1740 1583 1974 1648 plurima

209 1673 550 1724 incommoda
587 1687 656 1724 ex
692 1672 899 1738 duplici
939 1669 1255 1737 hujUsmodi
1303 1668 1513 1718 actione
1553 1666 1686 1716 oriri
1736 1669 1966 1732 possint,

208 1762 332 1822 peto
370 1763 429 1809 ut
465 1758 522 1808 hi
552 1757 678 1821 viri,
711 1755 932 1809 nonnisi
960 1771 1083 1808 cum
1123 1754 1328 1807 cautela
1371 1759 1421 1803 ct
1458 1755 1865 1817 protestatione,
1906 1772 1978 1808 ne

209 1841 466 1893 admissio
500 1849 733 1894 transeat
756 1842 815 1893 in
844 1841 1173 1907 exemplum,
1203 1840 1555 1906 recipiantur.

276 1947 301 1975 «
328 1927 562 1979 Reservo
602 1928 738 1979 mihi
768 1927 858 1993 jus
891 1927 1027 1979 hanc
1068 1927 1511 1993 protestationem
1542 1930 1759 1996 quoties
1814 1946 1972 1998 opor-

207 2014 372 2065 tuerit
407 2013 718 2080 repetendi,
748 2012 936 2065 volens
969 2013 1115 2080 quod
1152 2027 1298 2064 nunc
1327 2012 1532 2079 prolata
1571 2013 1751 2065 valere
1782 2016 1973 2068 debeat

208 2095 396 2147 eodem
444 2111 666 2163 prorsus
714 2099 873 2149 modo
927 2113 986 2150 ac
1039 2095 1086 2148 si
1139 2097 1197 2147 in
1247 2097 1480 2164 singulis
1519 2101 1722 2167 Synodi
1763 2105 1970 2158 actibus

211 2186 464 2234 renovata
487 2180 643 2234 foret.

575 2307 598 2334 «
634 2298 682 2347 »Β
712 2289 963 2347 Tamum,
995 2289 1274 2354 episcopus
1299 2290 1737 2345 SuchwarcensiS.
1769 2314 1792 2341 »

282 2416 764 2470 Eminentissimus
790 2411 1228 2480 archiepiscopus
1263 2414 1400 2464 dixit
1429 2432 1440 2462 ε
1482 2432 1505 2460 «
1533 2414 1884 2468 Admittimus
1912 2425 1961 2470 et

207 2500 617 2551 committimus.
646 2519 669 2546 »

284 2582 522 2634 Admissi
545 2582 767 2637 fuerunt
796 2594 1169 2653 procuratores
1194 2589 1576 2654 episcoporum
1600 2590 1927 2643 absentium.

274 2667 425 2717 Tunc
471 2665 608 2718 dixit
645 2669 1086 2738 archiepiscopus
1123 2693 1134 2725 :
1185 2695 1208 2721 «
1254 2676 1717 2727 Reverendissimi
1761 2679 1962 2735 Patres,

206 2752 448 2805 nostisne
478 2753 718 2820 aliquem
746 2755 1022 2807 absentem
1049 2772 1167 2809 esse
1195 2773 1384 2810 eorum
1411 2760 1507 2825 qui
1528 2762 1617 2828 jus
1646 2760 1878 2813 habeant
1901 2764 1964 2813 ad

207 2845 395 2892 votum
422 2839 722 2892 decisivum
751 2843 808 2893 in
838 2842 936 2893 hac
955 2843 1171 2909 Synodo
1198 2842 1623 2909 proferendum?
1655 2869 1678 2895 »

272 2927 483 2994 Singuli
508 2926 904 2993 responderunt
937 2942 994 2978 se
1031 2926 1308 2978 neminem
1342 2943 1527 2992 nosse,
1562 2932 1657 2998 qui
1678 2933 1769 2999 jus
1795 2933 1961 2986 habe-

205 3018 285 3064 ret
322 3010 721 3062 interveniendi
759 3025 882 3062 cum
920 3024 1048 3061 voce
1086 3010 1352 3073 decisiva‚
1391 3016 1486 3080 qui
1520 3018 1586 3068 ab
1625 3020 1839 3084 Synodo
1865 3023 1961 3072 ab·

204 3104 363 3152 esset.

268 3186 547 3236 Promotor
573 3203 583 3234 :
615 3203 638 3231 «
670 3185 797 3236 Peto
826 3188 885 3235 ut
911 3185 1158 3251 legantur
1185 3186 1396 3238 decreta
1428 3188 1483 3237 in
1518 3194 1762 3245 sessione
1788 3195 1962 3260 prima

202 3270 350 3324 feriae
372 3278 575 3340 quartae
599 3270 963 3338 proponenda.
997 3290 1020 3317 »

270 3357 425 3407 Lecta
461 3356 681 3408 fuerunt
716 3370 745 3406 a
782 3355 1070 3405 secretario
1096 3355 1335 3417 decreta,
1376 3356 1440 3408 sle
1474 3362 1724 3415 methodo
1753 3364 1877 3417 vitae
1903 3365 1971 3426 in
