2470 4198
1220 495 1480 540 —128—

534 598 669 712 tDat.
712 596 895 646 Romae
931 608 994 643 ex
1036 593 1155 644 AEd.
1183 594 1290 644 dic.
1330 595 1382 645 S.
1419 593 1863 660 Congregationis
1897 594 1986 646 die
2018 602 2070 648 et
2093 611 2234 648 anno

491 677 526 712 u
581 675 764 727 supra.

591 745 776 797 Gratis
800 744 913 794 sine
935 744 1049 796 ulla
1075 745 1287 796 omnino
1317 744 1586 796 solutione
1608 758 1917 811 quocunque
1940 745 2118 798 titula.

1348 845 1434 896 Al.
1464 843 1722 896 ΒΑΒΝΑΒὸ
1746 861 1779 894 a
1799 847 2032 897 secretis,

647 914 706 964 L.
747 922 796 972 ›1‹
837 913 889 963 S.

1213 1089 1503 1116 ψ

1310 1266 1404 1316 111.

1176 1389 1542 1441 DECRETUM

480 1510 524 1545 S.
570 1507 1032 1545 CONGREGATIONIS
1073 1507 1144 1543 DE
1190 1507 1547 1543 PROPAGANDA
1590 1506 1715 1542 FIDE
1770 1506 1926 1542 CIRGA
1974 1507 2232 1548 CAPITULA

480 1615 493 1624 .‚
552 1575 927 1611 CATHEDRALIA
967 1574 1070 1610 PRO
1111 1574 1377 1611 ECCLESIIS
1415 1573 1650 1611 NOVITER
1689 1574 1908 1610 ERECTIS
1945 1574 2000 1610 IN
2029 1575 2235 1612 ANGLIAE

544 1642 742 1678 REGNO.

1106 1692 1170 1742 21
1202 1690 1408 1757 Aprilis
1434 1692 1579 1743 1852.

471 1799 489 1817 ·‘
540 1798 673 1860 Quae
709 1797 851 1850 circa
895 1793 1225 1847 erectionem
1277 1792 1637 1859 capitulorum
1687 1798 2076 1863 cathedralium
2099 1839 2115 1863 ,
2161 1815 2228 1853 ex

474 1869 745 1917 conventu
770 1861 1055 1930 superiore
1085 1875 1228 1913 anno
1263 1860 1407 1935 inter
1441 1861 1724 1928 episcopos
1770 1865 1979 1941 Angliae
2021 1865 2223 1927 habito,

472 1933 538 1984 ab
553 1929 989 1983 eminentissimo
1013 1942 1073 1984 ac
1096 1927 1553 1980 reverendissimo
1567 1928 1788 1981 domino
1812 1932 2030 1983 N1colao
2046 1933 2228 1984 Wise·

464 2012 590 2049 inan
626 1995 1031 2063 archiepiscopo
1060 1994 1635 2046 Westmonasteriensi
1673 1994 1897 2049 fuerunt
1932 1998 2114 2060 relata,
2162 1998 2221 2050 in

472 2067 629 2116 Sacra
675 2064 882 2129 Congre
921 2061 1104 2112 atione
1140 2059 1251 2111 diei
1277 2061 1309 2110 5
1339 2059 1543 2124 Aprilis
1587 2063 1716 2113 1852
1750 2078 1848 2129 pro
1890 2064 2026 2115 osita
2052 2070 2218 2116 sunt2

472 2145 706 2196 cumque
732 2077 1081 2180 maniigestum
1107 2126 1317 2185 existat,
1364 2127 1431 2176 ob
1466 2127 1715 2202 adjuncta
1744 2131 1846 2181 Ecc
1871 2130 2107 2182 esiarum
2132 2146 2219 2182 re-

471 2203 654 2248 center
678 2195 1070 2256 institutarum,
1096 2191 1360 2244 nonnulla
1384 2206 1504 2256 quae
1527 2208 1586 2243 ln
1613 2193 1736 2259 jure
1771 2197 2029 2248 canonico
2054 2197 2119 2248 de
2138 2211 2223 2248 ca-

468 2263 643 2329 pitulo
666 2261 905 2313 ecclesiae
925 2259 1244 2311 cathedralis
1263 2258 1553 2323 constituta
1577 2259 1860 2323 habentur,
1883 2263 2217 2314 exsecutioni

470 2329 649 2380 statim
698 2329 757 2379 in
802 2326 1112 2378 memoratis
1162 2323 1405 2376 ecclesiis
1461 2326 1705 2376 mandari
1748 2327 1893 2379 haud
1931 2342 2115 2393 posse;
2161 2328 2208 2378 si

468 2395 810 2446 sanctissimo
838 2393 1060 2445 domino
1082 2390 1348 2458 placuerit
1373 2391 1791 2443 eminentissimi
1814 2395 1995 2444 Patres
2020 2394 2219 2445 instru-

466 2462 705 2512 ctionem
729 2459 1194 2512 transmittendam
1217 2463 1564 2519 censuerunt,
1589 2464 1647 2509 ut
1669 2460 1804 2511 ratio
1833 2460 2135 2511 traderetur
2157 2475 2219 2511 ea

466 2528 526 2578 in
557 2542 615 2579 re
643 2527 906 2579 servanda
930 2527 1102 2578 donec
1125 2524 1282 2576 aliter
1312 2524 1650 2575 decernatur.

534 2595 668 2646 Cum
711 2593 1048 2644 canonicales
1089 2590 1390 2658 praebendae
1440 2591 1643 2651 desint,
1693 2598 1744 2643 et
1778 2591 2024 2644 canonici
2071 2602 2216 2644 curae

466 2660 791 2720 animarum,
813 2657 1120 2724 juventutis
1144 2656 1499 2717 institutioni,
1527 2657 1761 2724 aliisque
1788 2658 1982 2710 officiis.
2002 2672 2101 2724 pro
2126 2673 2216 2710 re-

465 2726 687 2793 ligionis
713 2727 874 2786 benc,
903 2730 1105 2776 attento
1132 2723 1292 2776 etiam
1314 2723 1574 2774 mediocri
1601 2726 1939 2776 sacerdotum
1964 2738 2211 2787 numer0,

463 2808 562 2859 per
585 2792 858 2844 dioecesim
885 2805 1073 2842 vacare
1098 2791 1357 2851 debeant3
1386 2788 1768 2841 existimarunt
1793 2790 2214 2842 eminentissimi

462 2862 644 2911 Patres
698 2859 1049 2910 annuendum
1095 2862 1156 2908 ut
1186 2856 1354 2907 iidem
1397 2856 1463 2907 ab
1488 2856 1671 2907 'onere
1713 2856 2021 2908 residentiae
2045 2870 2214 2921 penes

462 2925 824 2977 cathedralem
845 2961 859 2985 ,
911 2929 962 2975 et
988 2926 1137 2974 sacra
1180 2921 1351 2991 officia
1382 2923 1728 2989 persolvendi
1772 2923 2079 2974 eximantur
2099 2959 2112 2983 ,
2138 2921 2213 2974 ita

463 2999 644 3043 tamen
671 2997 732 3042 ut
774 2990 834 3041 in
875 2989 1123 3056 proxima
1145 2989 1361 3053 Synodo
1390 2989 1713 3055 provinciali
1761 2988 2000 3054 episcopi
2025 2993 2213 3039 curent

462 3060 528 3110 de
555 3056 838 3109 nonnullis
862 3057 1056 3108 diebus
1086 3055 1454 3120 designandiS,
1494 3055 1551 3106 in
1587 3055 1788 3121 quibus
1819 3054 2066 3106 canonici
2093 3054 2214 3105 cho-

463 3139 586 3175 rum
626 3125 776 3176 adire
809 3128 971 3189 atque
998 3121 1168 3173 officia
1191 3135 1450 3187 peragere
1475 3127 1789 3181 teneantur,
1835 3127 2003 3187 utque
2051 3120 2208 3170 etiam

464 3192 605 3255 apud
654 3191 970 3256 episcopum
1014 3194 1434 3253 congregentur,
1487 3188 1782 3253 praesertim
1828 3202 1927 3254 pro
1977 3185 2210 3252 negotiis

466 3258 606 3306 circa
642 3272 781 3321 quae,
817 3271 879 3307 ex
905 3255 1070 3307 sacris
1101 3253 1418 3315 canonibus,
1456 3255 1676 3320 capituli
1710 3253 1976 3306 sententia
2015 3257 2095 3303 est
2122 3266 2211 3301 ex-

462 3321 743 3386 quirenda.
