2470 4198
1086 570 1324 615 *ιζ’-.-

384 666 821 718 Procurationem
860 668 925 719 ab
963 666 1081 734 ipso
1116 668 1411 719 exhibitam
1450 666 1652 733 accepit
1694 667 2071 721 eminentissi-

315 765 436 802 mus
484 750 921 819 archiepiscopus
967 766 1064 818 per
1117 758 1279 804 verba
1307 772 1329 798 «
1358 751 1709 803 Admittitnus
1762 768 1883 804 cuin
1946 770 2074 806 voce

313 840 681 892 deliberativa.
713 859 736 885 »

346 952 349 954 ·
381 926 489 976 Sub
516 924 702 976 eadem
728 922 901 975 forma
927 922 1181 974 inductus
1202 928 1282 975 est
1304 923 1365 973 R.
1390 925 1452 974 D.
1474 924 1790 976 Franciscus
1818 926 2070 987 Clicadle,

313 1013 745 1080 procurationem
782 1011 1022 1078 episcopi
1066 1010 1564 1077 Nottingliainensis
1594 1008 1877 1070 deserenS,
1913 1010 2070 1076 cujus

320 1098 452 1158 loco,
480 1110 600 1148 cum
633 1097 812 1149 debita
840 1097 1013 1148 forma
1044 1092 1326 1147 non'esset
1363 1090 1638 1159 expressa,
1664 1097 1943 1162 pollicitus
1991 1104 2073 1149 est

317 1201 373 1237 se
399 1198 598 1236 novum
653 1181 963 1235 mandatum
1016 1180 1339 1245 quantocius
1390 1179 1638 1230 obtinere
1699 1185 2015 1232 curaturum
2056 1201 2067 1232 :

317 1269 459 1336 quod
482 1267 778 1318 secundum
803 1271 923 1334 post
944 1264 1088 1317 diem
1112 1263 1410 1330 perfectum
1436 1268 1533 1314 est.

381 1357 449 1408 Hi
488 1358 866 1407 Procuratores
909 1351 1186 1418 paulisper
1208 1356 1575 1410 recesserunt,
1622 1358 1699 1412 et,
1730 1359 1849 1416 post
1876 1368 2062 1406 eorum

227 1455 231 1461 ·
316 1454 618 1506 regressum
637 1476 649 1498 ‚
676 1439 830 1490 sedes
857 1437 992 1504 ipsis
1023 1435 1308 1502 assignatae
1342 1441 1469 1486 sunt
1495 1441 1680 1487 contra
1710 1441 1895 1492 sedem
1923 1444 2060 1493 erni-

313 1526 618 1579 nentissimi
644 1521 1055 1589 archiepiscopi.
1457 1515 1462 1518 ’
2002 1509 2008 1515 ’

376 1614 613 1662 Durante
636 1609 878 1675 ipsorum
900 1606 1142 1661 absentia
1167 1613 1345 1660 actum
1371 1613 1450 1659 est
1480 1608 1546 1659 de
1579 1609 1909 1664 admittenda
1938 1630 2063 1680 pro-

305 1683 580 1751 curatione
617 1696 838 1763 capituli
880 1693 1287 1759 Liverpolitani.
1327 1692 1623 1744 Difficultas
1661 1694 1789 1745 inde
1825 1703 1939 1748 orta
1981 1707 2060 1750 est

305 1785 467 1851 quod,
504 1790 564 1835 ut
598 1784 954 1844 asserebatur,
995 1782 1281 1847 episcopus
1313 1793 1455 1831 anno
1492 1779 1637 1842 1851,
1666 1782 1717 1831 vi
1754 1782 2057 1848 litterarum

305 1870 736 1938 Apostolicarum
787 1880 973 1918 mense
1018 1863 1308 1917 Novembri
1358 1866 1488 1915 1850
1530 1859 1796 1925 datarum,
1845 1873 1896 1918 et
1937 1875 2060 1920 ante

306 1957 666 2022 receptionem
704 1967 964 2006 novarum
1012 1950 1435 2003 instructionum
1479 1951 1530 2000 S.
1571 1950 1650 2012 C.,
1687 1960 1739 2003 et
1767 1960 2056 2021 antequam

302 2048 352 2097 S.
380 2046 541 2098 Sedes
566 2039 920 2096 cathedralem
957 2051 1056 2103 pro
1091 2035 1339 2088 dioecesis
1379 2035 1795 2101 Liverpolitanae
1820 2040 2058 2104 capitulo

300 2131 641 2198 assignasset,
664 2126 959 2195 capitulum
987 2120 1192 2175 ex'una
1218 2121 1480 2187 dignitate
1508 2126 1560 2172 et
1585 2120 1872 2171 duodecim
1901 2137 2059 2175 cano-

301 2216 438 2266 nicis
460 2215 528 2283 (1)
554 2215 912 2281 compositum
939 2209 1217 2270 erexerat3
1246 2222 1368 2273 quae
1390 2204 1663 2258 institutio
1688 2208 1872 2260 minus
1897 2225 2057 2262 cano-

302 2304 420 2355 nica
442 2296 1013 2356 videbatur.'Patribus
1042 2296 1297 2350 omnihus
1329 2294 1534 2362 placuit
1567 2291 1880 2357 hujusmodi
1919 2293 2058 2346 diffi-

300 2388 522 2440 cultates
569 2402 599 2438 a
638 2390 689 2439 S.
738 2385 871 2437 Sede
915 2382 1351 2436 determinandas
1401 2393 1536 2438 esse,
1580 2388 1631 2433 et
1664 2383 1730 2433 ad
1776 2384 2073 2448 synodum·

302 2476 547 2536 spectare⁴
587 2463 843 2522 duntaxat
898 2469 1255 2536 quaestionem
1312 2471 1497 2517 utrum
1555 2465 1975 2521 instrumentum
2025 2486 2053 2521 a

303 2554 651 2608 Procuratore
696 2554 928 2622 Capituli
983 2553 1349 2607 exhibendum
1405 2553 1507 2606 rite
1553 2561 1695 2606 esset
1742 2555 2048 2608 confectum

302 2647 353 2692 et
385 2641 674 2708 signatum.

368 2725 530 2778 Aliud
552 2725 778 2778 dubium
809 2727 1003 2778 deinde
1039 2727 1347 2779 discussum
1385 2733 1483 2789 est,
1525 2727 1665 2782 circa
1711 2730 2049 2797 procuratio-

303 2824 425 2871 nem
459 2810 680 2876 capituli
725 2812 1198 2878 HagulstadensiS,
1247 2818 1443 2864 etcum
1477 2828 1542 2865 ex
1581 2814 1822 2880 episcopi
1875 2814 2050 2880 ipsius

303 2893 639 2959 expositione
664 2903 947 2960 constaret,
974 2897 1110 2950 illud
1139 2898 1435 2963 capitulum
1454 2898 1625 2951 fuisse
1651 2906 1908 2960 erectum,
1930 2899 2051 2949 abs-

303 2996 410 3049 que
446 2995 510 3033 eo
541 2981 686 3048 quod
718 2982 962 3034 canonici
1012 2982 1411 3048 possessionem
1452 2998 1565 3036 suae
1604 2982 1857 3034 Ecclesia}
1879 2981 2051 3033 cathe-

303 3064 466 3115 dralis
501 3064 674 3116 adhuc
704 3065 1036 3131 accepissent
1070 3081 1168 3132 per
1206 3068 1440 3119 debitam
1471 3069 1922 3129 installationem,
1956 3078 2047 3122 aut

302 3149 694 3216 professionem
733 3151 857 3203 fidei
900 3152 1239 3216 emisissent,
1291 3153 1532 3221 episcopi
1577 3169 1670 3212 sex
1717 3167 2047 3212 censuerunt

323 3371 329 3377 ,
361 3319 426 3379 (l)
460 3319 751 3379 Compertum
778 3322 936 3374 postea
973 3315 1059 3362 suit
1098 3316 1254 3362 decem
1294 3317 1583 3364 solummodo
1619 3318 1880 3366 Canonicos
1905 3319 2049 3366 fuisse

306 3378 582 3436 designatos,
604 3380 731 3439 juxta
758 3376 933 3420 Decreti
966 3375 1013 3419 S.
1036 3375 1087 3420 C.
1127 3377 1404 3433 praeseripta.
