2470 4198
1178 569 1430 616 '-98--

428 673 597 739 magis
616 672 874 724 idoneum
897 668 952 718 in
972 665 1205 717 Domino
1220 665 1603 734 judicaverint.
1630 667 1754 717 Haec
1777 668 1903 720 vero
1927 670 2180 738 suffragia

427 757 482 806 in
509 756 725 821 scriptis
745 754 1036 811 dabuntur,
1062 749 1211 801 nulla
1234 750 1575 802 discussione
1599 751 1934 826 praecedente
1965 752 2022 804 in
2044 769 2144 829 con
2155 785 2190 835 -·

425 842 591 888 ventu
618 833 934 901 capitulari,
963 838 1015 884 et
1036 847 1066 884 a
1093 832 1267 885 tribus
1291 834 1686 885 scrutatoribus
1710 834 1769 885 in
1798 835 1958 888 initio
1983 840 2181 890 sessic-

420 921 507 971 nis
532 918 718 971 electis
744 916 1106 983 excipientur.
1132 917 1210 968 Ita
1234 922 1415 967 tamen
1443 916 1693 982 plicanda
1717 926 1846 973 sunt
1870 926 1930 974 ut
1954 926 2176 976 nonnisi

415 1017 614 1056 nomen
649 1000 991 1069 proponendi
1022 999 1131 1067 legi
1165 999 1357 1066 possit.
1397 1001 1609 1052 Nomen
1639 1007 1998 1070 proponentis
2034 1008 2174 1060 inte-

417 1089 532 1139 rius
558 1087 841 1149 scribatur,
870 1091 922 1139 et
947 1084 1269 1152 suffragium
1295 1084 1365 1136 sit
1391 1086 1529 1138 bene
1554 1086 1802 1141 clausum
1840 1090 2024 1157 sigillo
2062 1107 2172 1146 non

414 1177 560 1223 noto,
588 1171 770 1239 Stylus
794 1186 922 1224 vero
943 1170 1254 1238 scriptionis
1280 1170 1353 1222 sit
1375 1171 1627 1224 diversus
1652 1175 1719 1225 ab
1744 1188 1834 1237 ec,
1863 1191 1973 1242 quo
1998 1178 2173 1230 utitur

410 1256 684 1308 ordinarie
707 1256 755 1306 is
782 1256 877 1322 qui
903 1255 1223 1322 suffragium
1247 1254 1371 1307 fert.
1403 1256 1613 1308 Deinde
1630 1294 1644 1319 ,
1674 1272 1740 1309 ex
1770 1261 2171 1326 comparatione

413 1340 823 1408 suffragiorum,
858 1339 1061 1391 scietur
1097 1339 1145 1390 si
1185 1338 1311 1406 quis
1348 1338 1602 1392 habuerit
1648 1341 1873 1394 totidem
1914 1346 2169 1414 suffragia

410 1425 517 1477 sibi
543 1423 888 1485 favorabilia,
915 1426 1048 1490 quot
1078 1423 1349 1474 excedunt
1389 1423 1736 1477 medietatem
1779 1427 2166 1496 suffragiorum

408 1516 515 1559 tam
543 1506 922 1574 praesentium,
948 1521 1110 1573 quam
1128 1505 1436 1558 absentium
1459 1522 1556 1574 per
1577 1517 1954 1574 procuratores
1978 1530 2170 1581 reprae-

406 1595 740 1642 sentatorum
763 1603 873 1640 non
890 1602 1019 1641 vero
1038 1588 1342 1640 absentium
1367 1590 1570 1655 absque
1593 1595 1960 1656 procuratore.
1988 1595 2173 1651 Publi·

406 1674 538 1725 catis
566 1677 688 1739 post
724 1671 1005 1739 quodlibet
1034 1670 1358 1723 scrutinium
1391 1672 1737 1736 nominibus,
1776 1681 2166 1735 comburantur

404 1757 523 1821 ipsa
554 1753 830 1820 suffragia.

467 1843 550 1892 ῐιῐιῡ
587 1841 851 1893 Absentes
872 1847 1054 1892 tamen
1082 1855 1191 1893 non
1221 1842 1399 1894 valent
1428 1858 1525 1910 per
1549 1842 1755 1899 litteras
1784 1853 1970 1900 votum
1996 1864 2158 1903 suum

401 1926 645 1993 aperire,
691 1925 788 1977 sed
825 1940 922 1992 per
960 1930 1365 1991 procuratorem
1393 1941 1422 1978 e
1445 1929 1653 1993 gremio
1686 1932 1909 1997 capituli
1947 1933 2157 2001 eligen-

399 2011 556 2070 dum,
601 2016 652 2061 et
693 2010 972 2061 munitum
1014 2007 1259 2074 legitimo
1305 2012 1584 2075 mandato,
1633 2015 1780 2080 quod
1825 2030 1936 2068 non
1979 2024 2156 2083 potest

397 2093 609 2145 admitti
645 2091 755 2144 nisi
790 2097 1010 2158 propter
1035 2106 1252 2144 causam
1285 2109 1411 2145 vere
1446 2098 1832 2159 necessariam,
1873 2100 2014 2152 clare
2057 2103 2150 2154 de—

396 2178 649 2245 scriptam
686 2185 755 2241 ‚et
808 2176 1045 2245 capitulo
1091 2179 1448 2244 probandam3
1497 2181 1583 2233 vel
1618 2190 1839 2250 propter
1880 2187 2150 2238 infirmam

394 2266 790 2327 valetudinem,
837 2266 1033 2333 quoin
1071 2280 1200 2318 casu
1236 2267 1574 2332 exprimatur
1616 2270 1763 2335 quod
1808 2271 1875 2323 de
1920 2271 2152 2325 consilio

393 2351 560 2403 unius
585 2351 774 2404 saltem
814 2347 1011 2400 medici
1039 2352 1090 2399 et
1122 2348 1290 2400 unius
1316 2348 1562 2400 canonici
1593 2351 1920 2404 documento
1946 2352 2053 2419 ipsi
2088 2369 2146 2406 se

392 2433 883 2492 subscribentium,
933 2431 1245 2497 capitularis
1277 2430 1468 2498 nequit
1503 2432 1683 2484 adese.
1716 2436 2037 2488 Procurator
2065 2444 2148 2489 est

389 2516 753 2568 admittendus
777 2515 1036 2569 duntaxat
1054 2516 1121 2568 ad
1135 2523 1243 2569 tres
1263 2516 1787 2583 schedaS,tradendas
1806 2521 2147 2574 continentes

388 2604 612 2655 nomina
637 2609 690 2655 et
713 2605 1049 2670 praenomina
1076 2605 1510 2672 deligendorum.

453 2689 537 2740 45⁰
571 2687 727 2749 Quod
749 2688 795 2739 si
823 2688 882 2739 in
906 2688 1083 2754 primo
1130 2688 1395 2740 scrutinio
1419 2687 1609 2740 nullus
1654 2688 1822 2740 fuerit
1861 2698 2141 2745 assecutus

386 2775 644 2838 majorem
682 2786 1001 2834 numerum,
1033 2771 1232 2823 iterum
1258 2771 1512 2838 suffragia
1538 2772 1782 2825 ferantur
1812 2789 1986 2842 usque
2012 2779 2142 2829 dum

391 2872 536 2908 unus
560 2856 726 2908 fuerit
769 2857 927 2908 illum
971 2861 1268 2908 assecutus

449 2939 533 2991 1ι6ο
568 2941 679 2991 Hac
702 2939 862 2991 etiam
897 2939 1104 2991 ratione
1131 2942 1530 3006 procedendum
1580 2943 1682 2993 erit
1714 2943 1778 2994 ad
1812 2944 2140 3012 designatio-

384 3037 508 3073 nem
533 3022 758 3075 alterius
787 3030 838 3076 et
864 3023 1011 3076 tertii
1037 3024 1325 3076 candidati.
1378 3028 1456 3077 De
1481 3026 1629 3078 hisce
1654 3029 1909 3081 omnibus
1935 3032 2136 3084 instru-

389 3113 631 3159 mentum
657 3108 746 3160 fiet
771 3108 858 3161 his
885 3108 1154 3161 terminiS.

443 3209 469 3237 «
507 3193 738 3245 Vacante
762 3198 982 3260 propter
1007 3194 1218 3246 obitum
1265 3197 1437 3249 vel....
1954 3260 1958 3261 ⁷

450 3274 627 3324 ((11.1).
650 3277 711 3326 D.
734 3276 867 3327 Sede
882 3278 942 3327 N.
971 3277 1269 3343 capitulum
1296 3280 1594 3333 sessionem
1627 3288 1886 3335 secretam
1911 3286 2118 3346 habuit,

375 3355 475 3406 hac
519 3355 668 3407 die...
720 3361 821 3411 sub
869 3361 1154 3425 praesentia
1195 3363 1256 3412 R.
1297 3364 1352 3413 P.
1393 3366 1498 3416 D...
1536 3366 1925 3433 archiepiscopi
1969 3370 2117 3421 vel...
