2470 4198
989 558 1250 602 -129-

313 655 446 706 Item
470 652 742 718 probanda
760 652 873 703 visa
900 656 979 703 cst
1011 650 1298 702 methodus
1312 651 1587 717 proposita
1600 666 1696 718 pro
1723 652 1990 719 eligendis

246 720 519 773 canonicis
545 719 677 770 adeo
697 724 756 769 ut
782 718 955 784 prima
979 717 1094 770 vice
1120 730 1328 778 omncS,
1347 718 1750 784 comprehensis
1770 733 1992 787 quoque

246 786 619 853 dignitatibuS,
666 799 763 851 per
791 784 1070 851 episcopos
1114 782 1286 834 libere
1335 783 1604 850 eligantur
1631 785 1784 851 J'uxta
1827 787 1992 839 breve

247 852 614 918 Apostolicum
643 851 734 902 :in
764 857 1035 916 posterum
1061 864 1207 911 vem,
1258 852 1537 902 observata
1570 851 1836 903 mensium
1881 853 1991 904 dis-

245 918 506 969 tinctione
553 918 691 968 circa
715 917 1055 968 collationem
1083 918 1133 967 S.
1152 917 1302 967 Sedis
1319 917 1579 983 rescripto
1602 920 1957 985 peragendam
1974 958 1986 978 ‚

246 985 304 1035 in
337 984 561 1050 reliquis
602 983 824 1035 alternis
863 983 1072 1034 vicibus
1116 982 1415 1034 nominatio
1449 984 1553 1043 fiat,
1583 985 1667 1036 vel
1702 985 1871 1036 lihere
1895 1001 1992 1053 per

247 1066 275 1101 e
319 1051 558 1115 iscopum
599 1050 682 1101 vel
707 1065 803 1116 per
823 1049 1136 1115 capitulum,
1167 1063 1227 1101 ea
1251 1055 1428 1100 tamen
1453 1052 1659 1101 ratione
1683 1058 1741 1102 ut
1768 1058 1875 1103 tres
1901 1069 1989 1104 ec-

250 1132 277 1165 c
304 1116 535 1168 esiastici
560 1117 662 1167 viri
706 1116 897 1174 semol,
931 1115 1147 1175 iterum,
1178 1115 1263 1167 vel
1307 1115 1485 1175 terti0‚
1532 1116 1784 1183 episcopo
1834 1120 1990 1169 exhi-

253 1184 495 1243 beantur,
526 1189 584 1234 ut
622 1183 870 1242 idoneuS,
899 1188 951 1232 et
975 1182 1337 1246 undequaque
1363 1184 1768 1234 commendatus
1804 1186 1870 1236 ab
1896 1199 1991 1236 eo-

248 1249 369 1300 dem
396 1249 685 1300 canonicus
706 1248 1047 1310 instituatur;
1072 1246 1230 1300 aliter
1252 1247 1444 1299 electio
1481 1247 1652 1300 libere
1676 1250 1741 1301 ad
1776 1250 1987 1316 episco-

246 1330 378 1382 pum
404 1315 689 1380 pertineat.
1127 1378 1138 1388 ·
1670 1380 1679 1390 ,
1714 1380 1724 1390 ·

312 1381 516 1432 Placuit
541 1382 701 1434 etiam
722 1379 1171 1433 eminentissimis
1184 1380 1433 1432 Patribus
1461 1387 1763 1447 proposltlo
1784 1383 1993 1450 episco—

247 1461 460 1513 porum,
477 1452 537 1499 ut
562 1447 794 1523 dignitas
808 1448 866 1499 in
883 1446 1079 1499 litteris
1099 1446 1424 1512 Apostolicis
1444 1461 1542 1513 pro
1561 1448 1794 1524 singulis
1821 1450 1994 1502 cathe-

244 1514 488 1565 dralibus
527 1513 778 1579 capitulis
815 1515 1028 1566 decreta
1050 1511 1210 1564 titulo
1239 1514 1525 1580 praepositi
1547 1514 1934 1581 distinguatur.

313 1577 686 1631 constituendi
711 1580 913 1644 pariter
942 1584 1101 1631 erunt
1124 1579 1371 1631 canonici
1394 1580 1679 1647 theologus
1714 1596 1774 1632 ac
1814 1583 1990 1649 poeni-

246 1644 547 1705 tentiariuS,
573 1645 669 1712 qui
695 1645 869 1710 prima
891 1645 990 1696 hac
1013 1645 1131 1697 vice
1157 1646 1361 1712 absque
1387 1660 1659 1698 concursu
1684 1650 1749 1700 ab
1775 1650 1992 1715 episco-

245 1710 329 1777 pis
351 1709 551 1776 pariter
596 1711 890 1778 eligantur;
934 1712 1130 1764 deinde
1155 1726 1286 1764 vero
1325 1713 1391 1764 ad
1433 1712 1674 1765 tramites
1716 1729 1991 1768 sacrorum

245 1790 513 1829 canonum
539 1795 552 1828 ε
598 1777 1035 1844 poenitentiarius
1070 1784 1251 1830 autem
1286 1779 1464 1845 quoad
1488 1778 1604 1830 fieri
1629 1787 1803 1845 potest
1825 1796 1993 1848 penes

243 1842 606 1895 cathedralem
650 1843 935 1897 ecclesiam
959 1850 1220 1906 moretur,
1251 1844 1310 1896 in
1345 1845 1593 1912 proxima
1616 1861 1745 1899 vero
1775 1850 1992 1914 Synodo

241 1914 430 1976 agatur
460 1909 526 1961 de
556 1909 883 1962 lectionibus
903 1925 999 1977 per
1024 1911 1344 1963 canonicum
1377 1911 1688 1979 theologum
1728 1913 1991 1968 habendis

240 1977 307 2028 ad
328 1975 570 2028 tramites
595 1976 1018 2044 dispositionum
1043 1978 1443 2039 canonicarum,
1472 1978 1656 2030 habito
1691 1986 1872 2033 tamen
1908 1997 1993 2033 re-

243 2049 433 2109 spectu
454 2043 520 2094 ad
544 2046 853 2109 temporum
878 2044 1233 2111 locorumque
1260 2044 1712 2098 circumstantias,

310 2110 555 2175 Cumque
586 2109 805 2161 demum
839 2124 1138 2186 congruum
1164 2111 1455 2164 admodum
1480 2110 1690 2174 existat,
1717 2119 1779 2166 ut
1806 2114 1903 2181 qui
1933 2115 1992 2167 in

243 2175 497 2227 Ecclesiae
519 2181 785 2238 senatum,
815 2174 1157 2229 conS1liarios
1196 2177 1437 2252 episcopi
1465 2192 1524 2230 ac
1564 2179 1867 2247 praecipuos
1891 2181 1987 2234 ad-

235 2240 446 2304 jutores
488 2241 730 2307 ejusdem
758 2257 856 2309 pro
884 2243 1351 2296 administrauone
1374 2244 1667 2297 dioeceseos
1704 2259 1994 2299 assumun-

242 2314 349 2367 tur,
387 2307 575 2359 habitu
598 2322 817 2375 quoque
843 2309 1026 2375 aliqua
1051 2312 1260 2362 ratione
1289 2310 1712 2377 distinguantur,
1756 2313 1991 2366 admissa

242 2372 346 2424 fuit
383 2373 686 2425 antistitum
711 2376 903 2442 petitio
925 2382 986 2427 ut
1011 2377 1277 2438 canonici,
1306 2376 1456 2428 nulla
1483 2377 1618 2428 facta
1642 2379 1992 2432 distinctione

244 2438 541 2491 dioeceseos
589 2446 681 2492 aut
713 2442 912 2507 gradus
933 2478 947 2503 ,
996 2456 1162 2510 supra
1207 2443 1663 2509 superpelliceum
1716 2454 1994 2498 assumant

245 2511 542 2557 mozzetam
566 2506 709 2572 nigri
733 2508 949 2568 coloriS,
978 2523 1087 2561 non
1107 2516 1286 2561 tamen
1317 2509 1563 2569 sericam,
1586 2509 1740 2575 juxta
1763 2508 1991 2564 formam

244 2571 311 2622 ab
343 2571 776 2625 eminentissimo
801 2587 862 2625 ac
888 2575 1345 2628 reverendissimo
1369 2576 1777 2643 archiepiscopo
1811 2579 1993 2632 West-

245 2637 661 2689 monasteriensi
689 2639 1100 2705 designandam.

244 2719 286 2746 ¹³·-
315 2703 647 2755 Sententiam
696 2706 746 2756 S.
794 2706 851 2758 C.
900 2707 1247 2760 sanctissimo
1291 2708 1522 2760 Domino
1543 2710 1735 2761 Nostro
1762 2710 1857 2763 Pio
1894 2714 1989 2764 Pa-

249 2783 331 2835 pae
353 2772 430 2821 IX
459 2771 524 2822 ab
555 2769 899 2838 infrascripto
925 2775 1212 2826 secretario
1253 2775 1469 2827 relatam
1498 2776 1556 2826 in
1579 2776 1854 2828 audientia
1878 2779 1989 2829 diei

248 2838 280 2886 6
306 2836 524 2901 Aprilis,
554 2837 813 2888 Sanctitas
855 2840 960 2890 Sua
988 2841 1225 2906 benigne
1250 2842 1514 2907 probavit,
1558 2843 1879 2907 opportunis
1903 2844 1986 2896 fa-

246 2901 543 2976 cultatibus
582 2904 871 2966 concessis,
922 2906 1277 2973 eamdemque
1316 2909 1518 2960 servari
1545 2908 1816 2976 praecepit,
1865 2925 1990 2964 con-

248 2968 427 3018 trariis
452 2970 872 3036 qulbuScunque
898 2986 1006 3022 non
1032 2973 1389 3026 obstantibus,

324 3070 534 3132 Datum,
570 3073 669 3120 etc.

1178 3145 1239 3193 A.
1266 3143 1537 3205 ΒΛΒΝΑΒὸ,
1559 3147 1892 3200 secretarium

975 3358 1270 3381 “OQ——

1702 3466 1732 3514 9
