2470 4198
1185 522 1446 567 4144-

439 625 536 679 PP.
581 623 691 676 DD.
732 619 972 687 episcopi
1000 617 1237 685 Anglioe³,
1272 617 1647 683 significarunt
1685 618 1848 670 dubia
1894 617 2183 689 aliquando

440 689 661 750 exoriri,
674 689 813 739 circa
821 685 1128 737 facultatem
1144 683 1621 736 extraordinariam
1639 697 1762 749 quas
1778 684 1836 736 in
1847 685 2078 749 formula
2090 691 2187 742 iis«

435 760 558 810 dem
578 767 830 807 concessa
844 764 1073 814 num-ero
1090 750 1266 816 primo
1292 750 1618 811 continetur,
1633 765 1732 816 pro
1751 752 2182 808 ordinationibus

434 828 588 876 extra
612 827 853 885 tempora
878 817 939 869 in
963 816 1088 884 jure
1113 816 1372 871 canonico
1395 817 1659 882 praefinita
1689 819 2033 882 exercendiS,
2060 836 2182 873 cum

437 890 497 940 in
520 886 714 953 Anglia
737 884 1027 937 seminaria
1044 883 1289 949 quaedam
1352 882 1566 935 Iuribus
1585 883 1905 936 dioecesibus
1947 899 2188 940 commu-

436 955 527 1006 nia
562 950 935 1018 reperiantur,
963 950 1023 1002 in
1045 950 1248 1016 quibus
1289 963 1316 997 c
1341 948 1471 1000 erici
1508 947 1630 1000 aliis
1662 949 1929 1017 episcopis
1955 953 2183 1018 subjecti

437 1020 821 1071 instituuntur.
858 1017 1120 1068 Precibus
1156 1016 1339 1082 itaque
1374 1014 1667 1082 propositis
1700 1016 1758 1067 in
1793 1018 2031 1082 generali
2061 1033 2188 1071 con-

433 1091 604 1138 ventu
633 1083 818 1136 habito
843 1083 933 1136 die
956 1085 989 1135 5
1009 1082 1211 1148 Aprilis
1229 1082 1359 1135 anni
1384 1083 1531 1144 1852,
1560 1081 1982 1146 eminentissimi
2001 1086 2184 1138 Patres

434 1151 790 1204 annuendum
831 1154 1192 1212 censuerunt,
1218 1155 1279 1202 ut
1314 1147 1555 1215 episcopi
1585 1147 1644 1199 in
1670 1148 1823 1214 cujus
1858 1150 2184 1204 dioecesibus

433 1216 726 1271 seminaria
742 1215 1057 1283 hujusmodi
1077 1216 1367 1268 constituta
1390 1215 1675 1277 habentur,
1702 1222 1995 1269 memorata
2018 1217 2187 1270 facul-

434 1291 542 1337 tate
570 1284 755 1336 favore
784 1281 947 1335 etiam
971 1296 1083 1334 non
1123 1282 1467 1334 subditorum
1497 1287 1744 1344 utantur,
1777 1282 1978 1348 praevio
2005 1289 2185 1345 tamen

436 1364 712 1411 consensu
745 1348 1036 1415 respectivi
1061 1348 1343 1400 ordinarii.

443 1479 445 1482 Α
502 1419 654 1468 Hanc
688 1429 819 1467 vero
843 1417 893 1467 S.
930 1415 1375 1482 Congregationis
1398 1414 1722 1467 sententiam
1748 1414 2096 1468 Sanctissimo
2118 1418 2182 1468 D.

435 1485 499 1536 N.
535 1483 631 1534 Pio
651 1484 808 1548 Papae
828 1478 906 1533 XI
930 1483 996 1533 ab
1018 1481 1364 1547 infrascripto
1383 1483 1435 1533 S.
1464 1482 1519 1534 C.
1542 1480 1837 1534 Secretario
1858 1481 2098 1543 relatam,
2125 1482 2183 1535 in

436 1548 717 1603 audientia
762 1547 872 1600 diei
897 1550 929 1599 6
952 1546 1194 1613 ejusdem
1241 1547 1446 1601 mensis
1494 1554 1547 1599 et
1590 1548 1745 1608 anni,
1788 1548 2046 1600 Sanctitas
2081 1550 2187 1601 Sua

438 1615 674 1680 benigne
708 1613 983 1680 probavit,
1016 1623 1178 1679 atque
1209 1629 1271 1670 ea
1294 1614 1501 1670 ratione
1530 1613 1791 1680 porrectis
1816 1614 2069 1680 precibus
2096 1615 2189 1667 in—r

439 1681 607 1733 dulsit
625 1718 640 1743 ,
669 1679 953 1732 contrariis
980 1680 1424 1747 quibuscunque]
1442 1694 1554 1732 non
1577 1679 1933 1733 obstantibus,

503 1767 698 1817 Datum
714 1802 729 1827 ,
757 1770 858 1816 etc.

1315 1831 1379 1882 A.
1411 1829 1695 1892 Binum,
1722 1831 2053 1882 secretarius.

723 2309 790 2342 DE
846 2306 1212 2342 ORDINATIONE
1248 2306 1319 2341 AD
1351 2306 1590 2342 TITULUM
1623 2297 1905 2340 Mlssioms.

1151 2424 1514 2477 DECRETUM

708 2542 751 2577 s.
793 2541 1251 2577 coNGnEGATIoms
1286 2540 1355 2575 nn
1389 2541 1742 2578 PROPAGANDA
1777 2540 1920 2578 mna.

516 2647 999 2704 Eminentissimus
1017 2660 1077 2698 ac
1094 2645 1581 2698 reverendissimus
1591 2646 1846 2700 dominus
1861 2651 1911 2702 S.
1925 2651 1987 2700 R.
2004 2651 2064 2701 E.
2086 2663 2194 2702 car-

451 2716 650 2770 dinalis
675 2713 927 2768 Nicolaus
962 2713 1273 2773 Wiseman,
1303 2712 1740 2779 archiepiscopus
1766 2718 2190 2768 Westmonaste·

451 2783 668 2843 riensiS,
685 2786 737 2833 et
748 2782 855 2832 RR.
875 2781 972 2830 ΡΡ.
997 2780 1107 2829 DD.
1137 2778 1375 2845 episcopi
1393 2778 1617 2845 Angliae,
1640 2780 2000 2833 adnotandum
2026 2783 2195 2834 duxe-

451 2855 598 2911 runt,
618 2852 820 2900 attento
831 2859 1053 2897 suarum
1063 2845 1426 2896 Ecclesiarum
1439 2851 1599 2908 statu,
1626 2846 1769 2899 haud
1790 2846 1946 2899 facile
1969 2848 2192 2900 clericos

447 2916 513 2968 ad
538 2915 772 2980 majores
797 2912 1017 2964 ordines
1038 2925 1135 2978 per
1163 2911 1351 2962 titulos
1380 2911 1579 2978 passim
1606 2921 1850 2980 receptos
1880 2915 2189 2980 promoveri

445 2996 604 3048 posse
645 2997 658 3032 ε
699 2979 1035 3046 proindeque
1075 2975 1421 3042 postularunt
1460 2983 1521 3029 ut
1551 2990 1652 3045 pro
1694 2980 1928 3045 quodam
1962 2995 2191 3031 numero

447 3061 672 3099 casuum
695 3043 921 3097 facultas
946 3042 1052 3096 sibi
1068 3042 1402 3095 tribueretur
1419 3044 1706 3097 ordinandi
1729 3047 1795 3098 ad
1817 3046 2036 3098 titulum
2062 3046 2191 3098 mis»

450 3113 640 3164 sionis,
673 3109 875 3163 Relatis
905 3109 1053 3161 hisce
1098 3108 1351 3176 precibus
1386 3110 1445 3161 in
1467 3111 1707 3176 generali
1730 3118 1999 3165 conventu
2033 3114 2084 3165 S.
2130 3114 2185 3164 C.

450 3179 632 3230 habito
662 3178 749 3229 die
782 3179 813 3229 5
839 3174 1042 3243 Aprilis
1073 3176 1222 3237 1852,
1254 3175 1671 3228 eminentissimi
1694 3180 1791 3229 ΡΡ.
1824 3183 2183 3237 censuerunt,

454 3244 496 3293 si
526 3242 876 3295 Sanctissimo
901 3241 1181 3307 placuerit,
1207 3239 1553 3294 tribuendam
1579 3258 1696 3295 esse
1711 3244 2022 3296 facultatem
2031 3244 2183 3309 Juxta

452 3315 694 3361 tenorem
731 3308 1095 3360 concessionis
1135 3322 1258 3374 quae·
1294 3321 1435 3359 anno
1474 3310 1599 3361 17141
1617 3309 1893 3362 Hiberniae
1919 3309 2187 3375 episcopis
