2470 4198
1172 589 1227 594 -
1260 562 1317 607 50
1346 588 1402 593 —
1734 628 1739 632 ,

477 666 553 716 De
575 663 822 715 mandato
847 661 1267 714 eminentissimi
1287 669 1338 715 et
1361 657 1804 715 reverendissimi
1819 657 2024 710 domini
2050 659 2156 711 mei

407 746 641 813 archiep.

1368 817 1427 865 F.
1456 829 1572 867 can.
1603 817 1835 875 Sexum,
1862 829 1989 865 secr.

481 914 692 980 Singuli
729 913 925 968 deinde
965 917 1147 968 Patres
1185 931 1286 969 suo
1324 917 1514 969 ordine
1555 922 1907 982 acceperunt,
1948 920 2000 966 et
2035 917 2161 967 suh-

415 1003 751 1067 scripserunt
785 1008 845 1053 ut
868 1001 927 1051 in
964 1001 1196 1052 decretis
1231 1000 1366 1067 ipsis
1391 1002 1609 1068 legitur.
1637 1000 1932 1068 Epistolam
1963 999 2162 1065 pariter

415 1085 480 1135 ad
520 1086 606 1135 SS.
647 1083 940 1136 Dominum
967 1086 1223 1141 Nostrum
1258 1089 1454 1153 Papam
1490 1101 1679 1138 omnes
1705 1087 2161 1154 subscripserunt.

480 1172 762 1221 Promotor
795 1189 807 1221 :
845 1190 869 1218 «
895 1171 1340 1223 Eminentissime
1376 1187 1435 1223 ac
1463 1172 1913 1225 reverendissime
1946 1169 2165 1221 domine

416 1255 850 1321 metropolitane,
904 1265 1121 1310 cautum
1173 1266 1253 1310 est
1285 1258 1587 1323 proximam
1627 1260 1902 1325 Synodum
1939 1258 2164 1324 provin·

418 1343 609 1394 cialem
648 1343 708 1394 in
742 1344 986 1396 sessione
1021 1343 1190 1395 indici
1217 1364 1228 1395 ε
1258 1344 1381 1396 ideo
1407 1336 1690 1396 humiliter
1725 1349 1850 1408 peto
1875 1341 2166 1392 secundam

419 1427 697 1492 Synodum
752 1427 1142 1493 provincialem
1193 1427 1435 1480 futuram
1494 1431 1832 1491 denuntiari,
1890 1436 1942 1480 et
1997 1427 2167 1479 indici

419 1511 693 1573 omnibUS‚
726 1526 823 1577 pro
862 1512 952 1563 die
991 1512 1199 1566 decima
1232 1515 1367 1567 Julii
1402 1517 1538 1569 feria
1576 1517 1783 1569 scilicet
1823 1515 2007 1574 tertia,
2046 1521 2168 1579 post

422 1596 760 1648 Dominicam
814 1603 1019 1650 sextam
1071 1605 1192 1665 post
1237 1602 1637 1665 Pentecostem‚
1687 1617 1829 1655 anno
1880 1603 2173 1655 millesimo

421 1681 867 1746 octingentesimo
893 1683 1348 1749 quinquagesimo
1372 1686 1582 1751 quinto.
1612 1707 1634 1733 »
2115 1679 2122 1686 ’

487 1765 702 1816 Auditi's
727 1767 1000 1829 Pa‘tribu8,
1032 1767 1497 1821 eminentissimus
1529 1771 1964 1841 archiepiscopus
1983 1774 2056 1826 ita
2073 1775 2168 1825 de-

423 1852 616 1913 crevit,
645 1857 704 1903 ut
730 1852 996 1917 sequitur.

690 1959 955 2009 Nlcorxus
973 1997 986 2017 ‚
1023 1966 1122 2011 etc.

491 2045 707 2098 Auditis
763 2044 1035 2108 suffragiis
1090 2046 1626 2111 comprovincialium
1682 2046 2060 2112 episcoporum
2114 2046 2171 2096 in

426 2136 532 2186 fine
558 2134 818 2185 sessionis
835 2130 1060 2192 ulfimae,
1083 2131 1272 2198 primae
1294 2132 1495 2198 Synodi
1514 2139 1711 2185 nostrae
1731 2130 2024 2197 provinciae
2047 2144 2178 2195 praef

429 2219 694 2278 sentium,
734 2215 1077 2268 decernimus
1118 2217 1410 2268 secundam
1456 2215 1696 2268 futuram
1734 2219 2011 2285 Synodum
2042 2232 2173 2283 pro-

429 2307 718 2358 vincialem
753 2301 1054 2357 habendam
1093 2317 1240 2364 esse,
1281 2303 1328 2353 si
1362 2305 1473 2354 Deo
1511 2303 1803 2369 placuerit,
1842 2304 1929 2354 die
1965 2304 2175 2355 decima

431 2397 485 2442 et
504 2389 863 2457 sequentibus
881 2389 1085 2440 mensis
1111 2389 1270 2451 Julii,
1297 2388 1609 2454 incipiendo
1635 2389 1840 2443 scilicet
1863 2389 1998 2439 feria
2023 2389 2179 2440 tertia

430 2475 779 2527 hebdomada}
819 2479 982 2524 sextae
1023 2478 1144 2538 post
1171 2462 1548 2534 Pentecosten,
1599 2488 1741 2524 anno
1777 2472 2069 2524 millesimo
2095 2485 2181 2523 oc—

432 2559 818 2626 tingentesimo
847 2559 1302 2626 quinquagesimo
1331 2560 1543 2626 quinto,

500 2648 563 2697 In
592 2639 836 2712 ‘quorum
862 2645 1023 2697 fidem
1052 2645 1148 2697 has
1175 2652 1467 2711 praesentes
1501 2645 1559 2696 in
1593 2645 1779 2696 eadem
1807 2643 2051 2695 sessione
2076 2658 2181 2709 pu-

433 2730 622 2783 blicari
641 2730 910 2796 jussimus
933 2729 1021 2780 die
1049 2732 1112 2780 17
1138 2730 1271 2781 Julii
1307 2731 1452 2782 1852.

1429 2818 1514 2877 Ν.,
1535 2817 1700 2867 CARI).
1724 2818 2014 2869 W1sEMAN.

567 2888 627 2936 L.
669 2895 719 2943 ›1‹
760 2886 810 2936 S.

503 2977 580 3025 De
607 2973 856 3025 mandato
876 2968 1294 3022 eminentissimi
1319 2973 1370 3020 et
1387 2966 1828 3019 reverendissimi
1853 2965 2060 3018 domini
2078 2965 2183 3016 mei

436 3058 749 3122 archiepisc.

1184 3124 1243 3174 F.
1276 3135 1390 3173 can.
1426 3121 1659 3180 SEAmAE,
1688 3118 2018 3169 secretarius.
2123 3187 2126 3189 Α

504 3230 694 3283 Postea
733 3232 869 3283 dixit
903 3230 1183 3280 Promotor
1218 3247 1229 3279 :
1274 3249 1297 3274 «
1331 3226 1876 3279 Eminentissimeac
1916 3218 2191 3274 revendis-

449 3316 586 3364 sime
610 3317 860 3380 domine,
887 3323 1013 3381 peto
1035 3319 1096 3365 ut
1121 3313 1248 3367 huic
1277 3307 1492 3381 Synodo
1516 3311 1833 3379 provinciali
1864 3309 1986 3362 finis
2007 3306 2185 3368 impo-

445 3403 620 3448 natur.
653 3419 674 3445 »
