2470 4198
1221 534 1455 580 „10ss

464 634 652 686 riendo
701 632 959 695 Concilio,
1012 633 1266 684 omnihus
1314 637 1508 698 praeter
1548 631 2013 698 archiepiscopum
2064 638 2206 685 stan-

465 720 628 772 tibus.

988 819 1290 855 marm-Ario
1329 818 1685 855 PnoMo'roms.

521 924 788 975 Omnibus
847 930 898 976 et
962 911 1209 990 singulisss
1257 928 1446 974 notum
1491 923 1755 987 facimus,
1810 923 1868 973 in
1917 936 2209 989 congressu

459 1008 775 1075 particulari
810 1009 993 1061 habito
1019 1010 1106 1060 die
1133 1011 1164 1061 5
1193 1010 1325 1061 Julii
1354 1011 1507 1072 1852,
1536 1010 1936 1062 illustrissimos
1977 1017 2028 1061 et
2052 1024 2207 1063 reve-

460 1097 816 1148 rendissimos
870 1095 1151 1162 episcopos
1199 1096 1479 1148 censuisse
1527 1097 1585 1147 in
1630 1097 1845 1163 Synodo
1890 1095 2210 1162 provinciali

460 1180 767 1231 Oscottensi
800 1179 1046 1246 proxime
1079 1180 1370 1246 aperienda
1401 1196 1519 1233 esse
1557 1182 1947 1236 nominandum
1987 1200 2207 1252 promo-

462 1272 634 1317 torem
676 1266 1113 1331 illustrissimum
1155 1270 1207 1315 et
1248 1264 1771 1322 reverendissimum,
1806 1269 1868 1318 D.
1898 1268 2211 1335 episcopum

463 1351 950 1404 Suthwarcensem.

529 1439 868 1506 Quapropter
893 1453 991 1489 nos
1019 1438 1191 1490 eidem
1222 1436 1474 1503 episcopo
1501 1437 1681 1488 omnia
1703 1436 1825 1501 jura
1849 1440 1900 1487 et
1923 1434 2208 1502 privilegia

462 1521 527 1571 ad
552 1521 696 1572 idem
722 1537 924 1574 munus
952 1523 1073 1588 ritej
1089 1528 1140 1574 et
1172 1529 1316 1574 recte
1349 1523 1708 1575 exercendum
1741 1523 2043 1579 necessaria
2077 1537 2208 1574 con-

462 1604 711 1666 ferimUS‚
740 1611 800 1655 ut
824 1605 882 1656 in
909 1607 1142 1672 singulis
1169 1618 1221 1660 et
1245 1609 1500 1660 omnibus
1534 1608 1874 1660 sessionibus
1907 1611 1958 1657 et
1983 1619 2207 1672 congre-

464 1685 776 1750 gationibus
816 1694 1072 1754 tanquam
1099 1697 1377 1755 promotor
1401 1693 1588 1744 haberi
1611 1695 1781 1759 possit
1805 1700 1858 1746 et
1880 1695 2086 1747 debeat.

529 1791 723 1841 Datum
752 1791 895 1857 apud
919 1790 1221 1858 Collegium
1249 1797 1299 1846 S.
1330 1797 1513 1848 Mariae
1534 1798 1599 1849 de
1626 1799 1809 1851 Oscott

795 1871 883 1924 die
910 1876 940 1925 5
962 1875 1095 1926 Julii
1125 1879 1274 1930 1852.

923 1983 927 1987 ⁴
974 2004 1058 2063 N.,
1078 1975 1251 2052 Cium.
1286 2003 1576 2066 Wmnmm,
1605 2003 1839 2068 archiep.
1869 2002 2095 2053 Westm.

527 2123 604 2172 De
646 2122 894 2173 mandato
936 2121 1358 2173 eminentissimi
1417 2129 1467 2174 et
1512 2124 1954 2178 reverendissimi
1999 2127 2212 2180 domini

464 2208 572 2258 mci
602 2208 1016 2276 archiepiscopi.
1098 2279 1102 2283 ὓ
1508 2259 1510 2261 ,

1235 2298 1295 2347 F.
1328 2312 1444 2349 can.
1473 2300 1697 2360 Same,
1735 2307 2071 2358 secretarius,

826 2455 1108 2494 INSTANTIA
1149 2455 1250 2490 Plu)
1286 2456 1588 2494 APERIENDA
1626 2459 1829 2495 SYNODO

473 2551 481 2556 ”
527 2561 971 2614 Eminentissime
998 2569 1047 2614 et
1067 2565 1521 2619 reverendissime
1541 2568 1787 2634 domine,
1828 2588 1950 2624 cum
1977 2574 2205 2627 Concilii

461 2643 813 2712 provincialis
840 2645 1459 2709 westmonasteriensiS‚
1500 2663 1597 2714 per
1629 2651 1905 2703 decretum
1929 2653 2017 2704 die
2044 2656 2076 2704 2
2099 2656 2203 2706 Fe-

461 2727 671 2781 bruarii
697 2726 860 2792 huju-s
885 2729 1012 2778 anni
1039 2729 1239 2792 datum,
1262 2731 1377 2783 dies
1401 2734 1630 2798 praefixa,
1652 2741 1801 2788 sexta
1825 2739 2027 2791 scilicet
2051 2742 2200 2803 sulii,
2222 2782 2225 2786 .

451 2818 562 2883 jam
583 2815 892 2882 advenerim
928 2826 1178 2877 cumque,
1209 2819 1371 2876 prout
1412 2827 1477 2863 ex
1508 2813 1870 2883 instrumento
1911 2819 2071 2871 modo
2112 2835 2204 2871 ex-

465 2899 640 2951 hibito
667 2904 890 2960 constat,
922 2898 1228 2950 Eminentia
1258 2898 1445 2947 Vestra
1481 2911 1565 2947 me
1595 2897 1851 2949 Thomam
1890 2900 2202 2967 episcopum

465 2987 927 3038 Suthwarcensem
971 2984 1133 3050 hujus
1180 2982 1380 3046 Synodi
1422 2987 1787 3049 promotorem
1833 2985 2197 3046 constituerit,

464 3085 562 3136 pro
589 3086 711 3123 meo
747 3086 972 3122 munere
999 3082 1312 3133 comparens
1355 3067 1497 3119 insto
1539 3082 1600 3118 ac
1638 3069 1857 3134 requiro
1882 3071 1982 3123 hoc
2025 3072 2200 3124 conci—

464 3157 600 3208 lium
625 3157 975 3224 provinciale,
1002 3156 1067 3206 de
1093 3154 1215 3219 jure
1242 3158 1400 3218 atque
1426 3154 1490 3204 de
1514 3154 1671 3206 venia
1703 3157 1754 3206 S.
1784 3157 1933 3208 Sedis
1964 3159 2194 3223 Aposto-

464 3241 580 3292 licae
616 3243 716 3294 rite
754 3240 1131 3295 denuntiatum
1162 3243 1321 3303 atque
1353 3239 1780 3305 promulgatum,
1820 3244 1922 3296 hoc
1957 3244 2075 3310 ipso
2109 3244 2196 3295 die

462 3339 557 3388 per
592 3341 684 3377 vos
716 3311 1004 3379 deliberari
1033 3328 1081 3373 ct
1104 3320 1361 3373 declarari
1385 3320 1621 3389 incipere
1646 3324 1864 3392 jamque
1903 3328 2191 3393 incoeptum
