2470 4198
1174 545 1437 589 -154—

443 649 550 698 tius
597 649 671 697 Xl
717 647 894 698 statim
946 657 1078 693 usus
1133 643 1391 694 ,loannem
1452 644 1821 709 Leyburnium
1874 647 2181 714 episcopum

441 714 870 764 Adrumetenum
938 708 1100 759 totius
1143 709 1351 774 Angliae
1398 710 1549 775 regni
1599 710 1858 762 vicarium
1910 714 2177 777 Apostoli-

440 794 561 829 cuni
593 794 679 830 an.
710 790 1008 829 Mncrxxxv
1041 774 1333 839 deputavit.
1363 776 1481 836 Quo
1502 775 1639 827 facto
1671 777 1790 827 aliis
1817 778 2010 829 litteris
2035 780 2176 846 Apo-

441 844 645 895 stolicis
677 845 764 896 die
787 860 906 893 xxx
937 841 1178 891 ,lanuarii
1203 841 1330 892 anni
1364 858 1724 894 Moerxxxwu
1749 843 1926 905 editis,
1951 859 2179 910 quarum

439 910 659 960 initium
709 916 790 962 est
844 931 866 956 «
904 911 1073 973 Super
1125 907 1458 969 Cathedram,
1492 928 1514 954 »
1558 909 1866 973 Leyburnio
1909 918 2016 964 tres
2045 911 2178 964 alios

437 976 719 1042 episcopos
760 975 1117 1028 Ecclesiarum
1168 975 1226 1025 in
1270 973 1512 1040 partibus
1557 975 1857 1026 infidelium
1886 975 2058 1027 titulis
2090 977 2175 1029 in-

442 1043 670 1107 signitos
720 1043 951 1095 vicarios
999 1041 1337 1106 Apostolicos
1379 1041 1624 1106 adjunxit
1655 1061 1666 1092 :
1703 1048 2029 1108 quapropter
2062 1047 2174 1095 An-

437 1108 600 1173 gliam
663 1110 992 1167 universam,
1038 1121 1252 1172 operam
1316 1107 1474 1159 dante
1521 1109 1828 1173 Apostolico
1888 1108 1946 1159 in
1985 1110 2177 1176 Anglia

434 1176 628 1227 nuntio
674 1175 1012 1227 Ferdinando
1059 1174 1460 1240 archiepiscopo
1503 1174 1824 1236 Amasiensi,
1860 1174 1919 1225 in
1947 1181 2177 1240 quatuor

430 1240 711 1294 districtus
758 1240 999 1308 pontifex
1046 1239 1139 1290 ille
1173 1240 1400 1305 partitus
1440 1246 1537 1300 est,
1579 1241 1975 1292 Londinensem
2022 1241 2173 1292 scili-

430 1312 530 1367 cet,
594 1308 998 1366 occidentalem,
1056 1306 1314 1367 medium,
1354 1312 1406 1358 et
1446 1306 1938 1372 septentrionalem,
1974 1307 2174 1372 quibus

428 1374 683 1426 omnibus
727 1375 912 1426 vicarii
943 1372 1236 1438 Apostolici
1269 1387 1390 1424 cuin
1438 1372 1756 1439 opportunis
1792 1373 2134 1425 facultatibus
2157 1413 2170 1435 ,

429 1445 482 1490 et
521 1454 642 1491 cum
685 1440 943 1492 ordinarii
976 1440 1216 1491 locorum
1256 1440 1473 1506 propria
1516 1445 1777 1506 potestate
1819 1453 2048 1505 praeesse
2074 1454 2174 1491 coe-

425 1513 641 1570 perunt.
680 1508 772 1558 Eis
811 1512 990 1559 autem
1022 1505 1335 1557 auctoritate
1366 1521 1480 1566 sua,
1519 1504 2043 1572 sapientissimisque
2092 1521 2174 1557 re-

424 1572 638 1637 sponsis
671 1579 785 1623 tum
812 1572 1131 1623 Benedictus
1177 1573 1300 1623 xlv
1323 1572 1463 1624 edita
1500 1573 1587 1624 die
1612 1588 1730 1622 xxx
1765 1571 1893 1622 Maii
1914 1587 2172 1628 Moccuu,

430 1638 845 1699 Constitutione,
885 1653 1006 1704 quae
1032 1637 1249 1703 incipit:
1281 1658 1302 1684 «
1338 1637 1706 1703 Apostolicum
1730 1637 2112 1698 ministerium,
2147 1662 2169 1687 »

430 1712 544 1755 tum
584 1704 677 1754 alii
723 1705 1006 1756 Pontifices
1034 1705 1456 1769 praedecessores
1480 1703 1669 1765 nostri,
1721 1719 1781 1755 ac
1832 1709 2014 1755 nostra
2037 1705 2157 1755 Pro-

429 1771 685 1836 pagandae
751 1771 902 1822 Fidei
948 1770 1300 1837 Congregatio
1346 1772 1411 1822 ad
1452 1776 1555 1822 tam
1612 1785 1770 1837 grave
1823 1784 2022 1821 munus
2068 1770 2170 1820 rite

429 1842 682 1902 recteque
714 1839 1009 1904 gerendum
1058 1850 1277 1896 normae,
1313 1843 1364 1887 et
1406 1837 1713 1904 adjumento
1758 1836 1995 1888 fuerunt.
2046 1836 2171 1887 Haec

429 1917 556 1953 vcro
593 1902 762 1955 totius
795 1903 1004 1970 Angliae
1038 1902 1095 1953 in
1122 1909 1354 1967 quatuor
1372 1903 1656 1954 vicariatus
1689 1902 2022 1969 Apostolicos
2053 1917 2172 1968 par—

428 1969 548 2020 titio
597 1984 771 2035 usque
820 1970 884 2022 ad
935 1969 1182 2035 Gregorii
1229 1970 1352 2026 XVI
1400 1976 1640 2036 tempora
1685 1968 2012 2036 perduravit,
2074 1968 2170 2034 qui

425 2035 621 2086 litteris
671 2035 997 2102 Apostolicis
1034 2035 1122 2088 die
1163 2051 1224 2085 ιιι
1258 2035 1385 2086 Julii
1416 2051 1503 2087 an.
1552 2051 1800 2088 MDCCCXL
1845 2035 1984 2086 datis
2027 2034 2167 2085 inci-

428 2100 734 2166 pientibus:
767 2121 790 2148 t(
819 2101 1064 2153 Muneris
1111 2101 1423 2168 Apostolici,
1456 2123 1479 2149 »
1513 2103 1694 2154 habita
1736 2100 2033 2167 praesertim
2078 2115 2165 2151 ra-

427 2166 576 2219 tione
621 2167 963 2229 incrementi,
1037 2168 1145 2219 uod
1187 2167 1377 2232 religio
1403 2169 1658 2220 catholica
1689 2169 1746 2220 in
1772 2181 1835 2220 eo
1875 2182 2040 2233 regno
2056 2166 2167 2232 Jam

420 2239 715 2300 acceperat,
743 2249 992 2300 novaque
1029 2239 1140 2286 acta
1161 2233 1446 2300 regionum
1471 2234 1841 2287 Ecclesiastica
1859 2232 2165 2299 partitione,

421 2299 588 2365 duplo
618 2301 879 2367 majorem
893 2300 1248 2352 vicariatuum
1266 2301 1699 2366 Apostolicorum
1717 2313 2004 2351 numerum
2024 2298 2166 2350 exci-

418 2366 564 2428 tavit,
598 2373 650 2419 et
694 2367 947 2435 Angliam
993 2373 1157 2418 totam
1202 2365 1420 2419 vicariis
1449 2369 1491 2417 A
1533 2365 1770 2418 ostolicis
1797 2364 2159 2423 Londinensi,

417 2432 755 2494 occidentali,
811 2432 1081 2492 orientali,
1125 2432 1368 2494 centrali‚
1400 2435 1501 2485 Wa
1527 2433 1705 2489 liensi,
1748 2430 2159 2489 Lancastriensi,

419 2499 764 2560 Eboracensi,
807 2506 859 2552 et
905 2499 1338 2565 septentrionali,
1373 2499 1432 2550 in
1457 2499 1833 2565 spiritualibus
1860 2498 2163 2572 gubernan-

417 2564 537 2614 dam
586 2567 874 2618 commisit.
924 2566 1056 2627 Quae
1084 2566 1284 2617 cursim
1308 2565 1409 2616 hoc
1433 2565 1568 2625 loco,
1597 2565 1718 2616 aliis
1742 2563 1991 2630 pluribus
2022 2578 2159 2629 prae-

419 2631 703 2692 termissiS‚
744 2633 1124 2692 indicavimUS,
1168 2630 1455 2697 perspicuo
1507 2632 1829 2683 documento
1855 2633 1998 2689 sunt,
2025 2644 2160 2695 prae-

416 2697 728 2751 decessores
751 2704 963 2750 nostros
988 2698 1045 2749 in
1078 2697 1133 2748 id
1158 2697 1505 2750 vehementer
1538 2697 1870 2757 incubuisse,
1896 2701 1955 2746 ut
1983 2710 2155 2765 quan-

421 2769 534 2813 tum
565 2765 881 2816 auctoritate
909 2779 1006 2815 sua
1046 2762 1311 2824 valebant,
1359 2765 1424 2815 ad
1465 2763 1755 2816 Ecclesiam
1794 2763 1851 2813 in
1879 2762 2070 2827 Anglia
2096 2776 2159 2812 ex

417 2843 709 2896 permagna
753 2831 1050 2883 calamitate
1103 2830 1464 2891 recreandam,
1524 2845 1583 2882 ac
1624 2828 1964 2881 reficiendam
2010 2827 2160 2878 adni—

420 2900 680 2956 terentur,
710 2903 762 2949 et
784 2898 1106 2949 laborarent.
1142 2898 1412 2948 Habentes
1444 2897 1626 2963 itaque
1650 2898 1717 2947 ob
1743 2894 1927 2946 oculos
1949 2894 2160 2960 praecla-

419 2977 538 3012 rum
583 2963 896 3030 huiusmodi
929 2965 1271 3014 decessorum
1312 2969 1616 3015 nostrorum
1646 2961 1971 3026 exemplum,
1997 2959 2157 3010 illud-

415 3042 520 3092 que
555 3044 653 3095 pro
685 3031 934 3095 Supremi
979 3030 1319 3094 Apostolatus
1345 3029 1517 3080 officio
1542 3026 1782 3081 {emulari
1822 3027 2082 3084 volenteS,
2107 3031 2156 3076 ct

414 3095 583 3146 animi
634 3096 791 3147 etiam
837 3096 1006 3147 nostri
1039 3095 1378 3146 inclinationi
1421 3111 1542 3162 erga
1581 3094 1826 3146 dilectam
1879 3091 2027 3143 illam
2053 3093 2157 3142 Do-

415 3160 630 3212 minicae
655 3162 828 3214 vineae
873 3170 1078 3228 partem
1105 3162 1530 3213 obsecundantes
1555 3162 1639 3214 vel
1662 3162 1726 3212 ab
1778 3159 1896 3225 ipso
1935 3157 2150 3223 pontifi-

415 3230 562 3276 catus
599 3229 771 3280 nostri
815 3228 1036 3280 exordio
1089 3228 1251 3279 Nobis
1288 3228 1667 3292 proposuimus
1692 3240 1827 3291 opus
1882 3229 1987 3275 tam
2017 3225 2152 3275 bene

417 3296 648 3356 coeptum
681 3295 957 3360 prosequi,
1008 3293 1150 3345 etad
1192 3292 1442 3346 Ecclesiae
1488 3294 1775 3346 utilitatem
1810 3292 1866 3341 in
1893 3305 1954 3341 eo
1983 3303 2151 3364 regno

416 3357 662 3422 quotidie
694 3361 862 3429 magis
911 3359 1229 3427 augendam⁴
1258 3365 1437 3413 nostra
1478 3359 1805 3428 impensiora
1855 3355 2027 3408 studia
2069 3370 2150 3405 re-
