2470 4198
958 620 1709 721 APPENDIX,

1307 1047 1397 1085 —t

472 1136 757 1211 Contincns
793 1153 903 1205 alia
925 1153 1248 1204 Documenta
1269 1149 1627 1222 'ecclesiastica
1665 1149 1733 1200 ad
1761 1124 2017 1218 synodum
2043 1153 2218 1216 perti-

833 1239 1030 1298 nentia,
1065 1235 1232 1286 sedin
1279 1235 1425 1284 Actis
1470 1250 1578 1284 non
1611 1232 1857 1300 alleyata..

1323 1522 1363 1570 Ι.

858 1671 1234 1723 LITTERAE
1291 1674 1826 1725 APOSTOLICAE'

1022 1797 1113 1843 SS.
1155 1796 1391 1844 DOMINI
1426 1796 1674 1843 NOSTRI

513 1930 701 1973 QUIBUS
741 1929 1072 1967 HIERARCHIA
1106 1932 1438 1968 EPISCOPALIS
1476 1933 1530 1968 IN
1566 1932 1756 1968 ANGLIA
1794 1929 2166 1967 RESTITUITUR.

1094 2037 1267 2089 PIUS
1319 2038 1423 2092 PP.
1470 2039 1581 2089 lx,

882 2150 944 2180 AD
987 2150 1302 2183 PERPETUAM
1344 2152 1433 2183 REI
1490 2153 1796 2185 MEMORIAM.

534 2279 865 2337 Universalis
897 2279 1147 2332 Ecclesiae
1176 2282 1421 2348 regenda}
1445 2288 1679 2348 potestas
1703 2284 1941 2332 Romano
1967 2277 2210 2331 Pontifici

471 2344 531 2395 in
575 2347 765 2397 Sancto
806 2347 959 2398 Petro
1001 2348 1363 2411 apostolorum
1398 2348 1641 2414 principe
1685 2363 1714 2398 a
1749 2346 1978 2398 Domino
2019 2348 2218 2396 Nostro

467 2412 599 2465 Iesu
636 2411 846 2464 Christo
887 2412 1076 2465 tradita
1110 2414 1417 2479 praeclaram
1457 2415 1602 2464 illam
1642 2414 1699 2464 in
1734 2413 2038 2478 Apostolica
2077 2411 2210 2462 Sede

468 2476 891 2528 sollicitudinem
933 2493 1256 2545 quacunque
1297 2486 1448 2532 aetate
1490 2480 1745 2541 servavit,
1782 2493 1887 2543 qua
1928 2475 2209 2544 religionis

466 2542 740 2594 catholicae
780 2545 923 2595 bono
963 2544 1276 2612 ubicunque
1319 2553 1582 2599 terrarum
1623 2545 1951 2606 consuleret,
1984 2544 2209 2610 ejusque

467 2608 801 2661 incremento
843 2610 1083 2661 studiose
1124 2613 1447 2677 provideret.
1489 2613 1549 2663 Id
1598 2621 1776 2666 autem
1819 2611 1991 2662 divini
2035 2610 2210 2674 ipsius

464 2673 765 2729 fundatoris
795 2676 1021 2728 consilio
1047 2678 1340 2743 respondit,
1364 2679 1477 2744 qui,
1501 2680 1671 2744 capite
1701 2677 2009 2737 constitum,
2031 2676 2218 2727 Eccle-

468 2741 563 2791 sia}
591 2741 950 2792 incolumitati
976 2757 1148 2808 usque
1171 2745 1235 2795 ad
1261 2745 1777 2796 consummationem
1810 2742 1992 2794 saeculi
2023 2741 2210 2807 singu-

467 2805 566 2857 lari
587 2807 852 2872 sapientia
870 2808 1165 2874 prospexit.
1182 2810 1471 2862 Pontificiae
1491 2810 1651 2876 hujus
1673 2808 2056 2862 sollicitudinis
2074 2806 2221 2859 fruc-1

466 2878 578 2923 tum
607 2873 778 2924 sensit
797 2889 903 2925 una
923 2888 1041 2925 cum
1065 2874 1186 2925 aliis
1210 2877 1426 2942 populis
1446 2877 1710 2942 inclytum
1732 2875 1938 2940 Angliae
1956 2889 2202 2940 regnum,

467 2938 621 3004 cujus
635 2939 875 2991 historiae
893 2945 1154 2991 testantur
1170 2942 1525 2994 Christianam
1542 2943 1858 3009 religionem
1871 2940 1957 2992 vel
1971 2955 2000 2991 a
2015 2939 2204 3005 primis

467 3004 723 3056 Ecclesiae
761 3006 973 3057 saeculis
1006 3007 1066 3057 in
1098 3007 1427 3060 Britanniam
1461 3009 1725 3060 invectam
1766 3021 1919 3066 esse,
1950 3012 2109 3071 atque
2146 3006 2211 3058 in

469 3084 531 3121 ea
563 3071 757 3122 deinde
794 3072 1091 3137 plurimum
1124 3072 1400 3136 floruisse3
1433 3075 1527 3126 sed
1558 3075 1734 3126 medio
1768 3072 1980 3124 circiter
2011 3072 2206 3123 saeculo

470 3136 679 3200 quinte,
708 3146 1056 3204 posteaquam
1082 3139 1240 3204 Angli
1267 3145 1317 3190 et
1342 3143 1576 3191 Saxones
1609 3141 1666 3191 in
1701 3153 1817 3191 eam
1848 3139 2084 3189 insulam
2118 3137 2206 3187 ad-

468 3203 639 3253 vocati
670 3209 814 3262 sunt,
840 3219 950 3255 non
975 3205 1134 3256 modo
1157 3205 1398 3270 publicas
1423 3206 1536 3257 illic
1559 3221 1663 3267 reS‚
1689 3207 1781 3257 sed
1807 3205 1961 3255 etiam
1991 3203 2211 3267 religio—2

471 3282 595 3340 nem
639 3269 887 3321 maximis
929 3269 1100 3322 fuisse
1145 3271 1481 3323 detrimentis
1531 3273 1789 3324 affectam.
1825 3272 2037 3322 Constat
2078 3283 2205 3318 vero

475 3333 645 3393 simul(
676 3336 1073 3395 sanctissimum
1115 3338 1560 3402 praedecessorem
1602 3344 1844 3389 nostrum
1886 3334 2210 3400 Gregoriutn
