2470 4198
1046 535 1103 544 -
1132 509 1189 555 29
1222 530 1280 541 *—

279 604 502 673 institit,
533 609 717 661 dicens
752 631 762 662 :
798 631 818 654 ι(
852 612 1121 675 Legantur
1159 606 1382 656 nomina
1420 600 1696 658 cunnum,
1736 619 1756 643 »ι
1799 598 1892 664 qui
1930 599 2041 649 sin-

278 700 395 767 guli
432 698 830 763 responderunt
869 709 965 759 per
1003 707 1188 744 vocem
1217 711 1237 736 «
1274 690 1490 741 Adsum..
1539 707 1561 733 »
1591 686 1744 734 Lecta
1787 689 2042 748 protesta-

276 786 421 835 tione
447 789 629 834 contra
650 783 918 840 absentes,
954 778 1091 829 dixit
1116 782 1424 842 promotor:
1458 794 1479 818 ἰ
1510 771 1955 824 Eminentissime
1981 786 2040 820 nc

275 867 727 920 reveremlissime
762 867 981 915 domino
1004 901 1016 924 ,
1054 870 1177 929 peto
1214 868 1270 912 ut
1299 861 1409 911 hoec
1446 859 1618 909 sossio
1658 857 1811 907 tertia
1852 855 2035 906 decla-

275 960 423 1004 retur
456 952 700 1016 incoepta.
728 972 750 998 »

340 1041 556 1093 Auditis
606 1039 880 1098 PatribuS,
927 1033 1393 1088 eminentissimus
1438 1033 1510 1083 ita
1544 1028 1822 1081 decrevit:
1859 1047 1882 1073 «
1911 1026 2030 1077 Pla-

272 1124 382 1176 cuit
406 1124 653 1175 Patribus
685 1123 821 1175 hanc
862 1122 1071 1174 tertiam
1120 1117 1421 1170 sessionem
1464 1115 1732 1181 incipere,
1765 1124 1816 1167 et
1860 1118 2027 1168 incoe-·

275 1220 417 1278 ptam
449 1227 585 1264 esse.
620 1232 641 1257 »

339 1299 617 1348 Promotor
645 1315 657 1346 :
692 1314 714 1341 ιι
743 1290 1189 1346 Eminentissime
1214 1302 1273 1339 ac
1290 1284 1745 1337 reverendissime
1770 1284 1991 1335 domine
2015 1324 2026 1339 ,

270 1393 394 1451 peto
435 1390 492 1436 ut
519 1383 730 1443 omnia,
760 1385 811 1431 et
845 1369 1061 1444 singula
1084 1374 1294 1426 decreta
1325 1390 1349 1418 »
1381 1370 1520 1438 (quoe
1557 1365 1739 1419 omnia
1775 1372 1936 1432 prout
1971 1367 2023 1418 in

271 1469 494 1520 elencho
536 1466 767 1519 decretis
792 1477 1004 1516 annexo
1048 1458 1379 1518 referuntur,
1421 1456 1509 1507 hic
1544 1460 1860 1507 enumerata
1899 1454 2020 1506 fue-

269 1556 413 1621 runt)
459 1574 482 1601 «
515 1556 694 1606 denuo
722 1559 773 1605 et
798 1554 1045 1618 integre,
1090 1554 1356 1616 quantum
1399 1559 1537 1612 opus
1576 1548 1689 1604 est,
1733 1557 1831 1609 pro
1873 1542 2026 1594 lectis

264 1638 579 1698 habeantur,
610 1643 661 1689 et
691 1653 720 1689 a
744 1637 991 1689 Patribus
1021 1635 1425 1692 confirmentur,
1456 1639 1506 1685 et
1539 1646 1795 1699 supremo
1834 1638 2032 1685 sanctae'

263 1725 415 1775 Sedis
440 1724 649 1790 judicio
676 1723 1009 1775 emendanda
1035 1727 1086 1772 et
1112 1719 1402 1772 sancienda
1429 1718 1836 1769 submittantur.
1865 1737 1887 1762 »

330 1806 536 1857 Deinde
557 1805 1025 1857 eminentissimus
1043 1803 1212 1855 dixit:
1244 1825 1266 1849 «
1291 1802 1497 1854 Placuit
1522 1803 1798 1867 PatribuS,
1830 1813 1881 1855 et
1904 1805 2027 1856 ideo

260 1889 604 1941 decernimus
633 1895 683 1940 et
708 1887 996 1940 statuimus
1023 1888 1095 1939 ita
1118 1873 1235 1939 fieri
1261 1889 1475 1939 debere.
1511 1902 1536 1936 »¹

324 1977 606 2026 Promotor
633 1993 644 2025 :
686 1994 707 2019 «
737 1972 1181 2025 Eminentissime
1207 1980 1257 2025 et
1284 1977 1742 2030 reverendissime
1768 1979 2018 2039 domine,

259 2064 383 2124 peto
408 2064 468 2110 ut
498 2058 820 2110 decernatur
843 2073 1032 2110 omnes
1062 2058 1157 2125 qui
1178 2060 1269 2126 jus
1296 2060 1495 2113 habent
1527 2063 1889 2118 interessendi
1909 2106 1922 2129 ,
1954 2070 2016 2119 ad

255 2144 709 2197 subscribendum
739 2143 912 2194 teneri
947 2148 999 2195 et
1022 2143 1251 2211 obligari
1281 2151 1571 2213 antequam
1627 2148 1905 2203 discedant
1948 2166 2017 2202 ex

256 2229 358 2281 hoc
394 2230 530 2282 loce.
562 2250 584 2275 n

317 2316 797 2368 Eminentissimus
856 2315 1295 2383 archiepiscopus
1352 2320 1518 2386 jussit
1574 2322 1683 2388 legi
1733 2325 2012 2379 decretum

253 2402 398 2468 quod
429 2404 703 2470 sequitur:

515 2512 780 2561 NicoLAth
805 2546 817 2567 .
846 2513 945 2560 ete.

314 2614 580 2666 Admonet
616 2614 724 2666 RR.
771 2615 867 2663 ΡΡ.
910 2628 1100 2664 omnes
1139 2614 1236 2680 qui
1261 2613 1390 2666 huic
1426 2618 1644 2682 Synodo
1674 2618 1799 2686 jure
1837 2621 2007 2674 inter-

249 2708 394 2762 sunt,
413 2708 472 2753 ut
495 2707 615 2768 post
639 2697 937 2764 se‘3singuli
965 2713 1065 2750 suo
1093 2696 1210 2750 loco
1231 2703 1283 2749 et
1308 2697 1499 2753 ordine
1525 2703 1589 2754 ad
1618 2702 1799 2756 Altare
1831 2708 2004 2774 majus

245 2785 519 2845 accedant,
557 2791 606 2837 et
648 2785 717 2837 iis
743 2800 864 2851 qua}
908 2785 966 2836 in
991 2784 1088 2836 hac
1117 2791 1297 2836 sancta
1342 2787 1558 2853 Synodo
1589 2787 1801 2839 decreta
1841 2799 1999 2850 sunt,

244 2867 600 2920 subscribant.
651 2869 865 2920 Mandat
909 2868 1070 2918 etiam
1109 2869 1416 2920 absentium
1460 2870 1838 2935 episcoporum
1879 2889 2002 2938 pro-

242 2953 583 3005 curatoribus
607 2960 667 3005 ut
686 2968 846 3005 nemo
871 2967 1061 3004 eorum
1078 2990 1091 3015 ‚
1118 2955 1395 3020 proposita
1420 2958 1972 3013 excommunicationi

238 3053 422 3102 poena,
452 3039 578 3092 hinc
621 3041 856 3093 discedat
900 3039 1005 3091 nisi
1044 3039 1196 3106 prius
1239 3042 1325 3091 sui
1365 3042 1604 3107 episcopi
1640 3048 1862 3098 nomine
1906 3050 1999 3100 de-

237 3129 380 3174 creta
415 3123 472 3174 in
520 3124 618 3176 hac
657 3125 872 3191 Synodo
917 3123 1059 3177 edita
1097 3125 1403 3191 suscipiens
1450 3131 1837 3199 unusquisque
1863 3136 1993 3189 'illis

238 3209 638 3274 subscripserit.
1862 3197 1869 3204 ⁸

235 3341 244 3364 ¹
368 3343 407 3391 L
470 3346 609 3400 ›1‹S.

997 3283 1265 3331 Nmoru÷s
1285 3316 1297 3339 ,
1335 3279 1497 3333 Cam).
1527 3287 1819 3339 &Vintium
