2470 4198
1222 563 1457 608 -10„-

473 667 687 732 Synodo
709 664 984 722 servanda,
1013 662 1078 713 de
1105 676 1211 712 non
1239 660 1663 728 praejudicand0‚
1693 660 1758 710 de
1786 660 2118 726 officialibuS‚
2147 665 2214 716 de

465 749 741 813 judicibus
767 748 824 798 in
846 746 1022 797 causis
1053 745 1447 811 personalibuS,
1476 750 1526 795 et
1550 745 1615 795 de
1640 758 1748 795 non
1768 743 2110 799 discedendo.

536 837 668 898 Quae
712 849 878 900 quum
910 833 1164 884 omnibus
1212 831 1561 897 placuissent,
1593 844 1714 880 cum
1752 828 1850 879 hac
1888 830 2217 884 advertentia

474 921 617 987 quod
642 918 887 969 clausula
921 918 988 968 de
1027 919 1078 967 S.
1118 915 1503 967 communione
1529 915 1772 980 quotidie
1809 916 2116 983 recipienda
2149 924 2215 974 ab

468 1008 535 1057 iis
563 1006 658 1072 qui
692 1006 910 1056 missam
949 1017 1059 1054 non
1089 1001 1439 1058 celebrarent,
1468 1000 1659 1053 debeat
1689 999 1921 1068 intelligi
1957 1002 2013 1053 in
2053 1019 2218 1057 sensu

468 1089 803 1141 adhortativo
829 1102 938 1138 non
978 1101 1106 1138 vero
1139 1085 1491 1151 imperative,
1535 1085 2001 1142 eminentissimus
2038 1090 2216 1144 archi-

475 1173 764 1238 episcopus
802 1171 939 1222 dixit
967 1189 978 1221 :
1014 1190 1037 1215 «
1070 1172 1293 1220 Decreta
1317 1168 1477 1219 modo
1502 1168 1638 1220 lecta
1662 1168 1982 1235 placuerunt
2004 1175 2123 1237 ΡΡ.,
2152 1176 2218 1228 de

469 1272 658 1310 eorum
686 1270 813 1322 ergo
843 1269 1112 1307 consensu
1137 1268 1199 1304 ea
1232 1253 1520 1305 statuimus
1547 1260 1604 1304 ut
1627 1255 1763 1305 lecta
1784 1262 1930 1307 sunt.
1962 1277 1985 1303 »

534 1344 593 1393 R.
630 1344 694 1392 D.
724 1341 928 1392 Crooke
952 1345 1267 1406 procurator
1293 1338 1531 1404 episcopi
1565 1339 1956 1404 Liverpolitani
1981 1340 2218 1394 interro-

472 1425 615 1491 gavit
639 1425 849 1484 PatreS‚
889 1430 1073 1475 utrum
1102 1423 1430 1489 ipseposset
1457 1423 1769 1488 episcopum
1806 1437 1966 1474 suum
1985 1461 1998 1484 ,
2024 1425 2218 1477 decur-

467 1514 619 1560 rente
642 1507 900 1567 Concilio,
928 1507 1211 1558 certiorem
1231 1505 1406 1558 facere
1432 1507 1497 1557 de
1520 1506 1749 1558 decretis
1777 1510 1827 1556 et
1851 1507 2057 1558 actibus
2086 1509 2224 1574 ejus-

469 1596 622 1654 dem;
667 1599 717 1644 et
752 1595 963 1651 Patres,
1006 1599 1207 1644 attento
1249 1594 1395 1659 quod
1432 1593 1550 1657 ipse
1583 1592 1871 1658 episcopus
1910 1596 2219 1646 mandatum

471 1677 723 1742 generale
763 1676 972 1728 dederit
1014 1692 1113 1728 suo
1157 1678 1418 1744 delegem,
1466 1684 1517 1730 et
1551 1681 1697 1744 quod
1734 1692 1845 1729 non
1877 1679 2049 1744 possit
2077 1680 2222 1731 hunc

471 1760 710 1826 obligare
750 1759 811 1809 ad
841 1760 1161 1825 suffragium
1188 1760 1603 1814 deliberativum
1630 1761 1686 1812 in
1718 1778 1940 1817 sensum
1969 1768 2222 1818 commit-

472 1847 634 1899 tentis
661 1847 915 1905 dandum,
945 1846 1040 1896 secl
1066 1845 1122 1895 in
1147 1845 1201 1897 id
1228 1850 1434 1897 tantum
1461 1848 1606 1912 quod
1637 1862 1735 1912 pro
1762 1849 2091 1901 conscientia
2124 1865 2222 1901 sua

474 1937 524 1983 et
553 1930 777 1981 arbitrio
811 1929 1007 1981 melius
1035 1945 1151 1982 esse
1182 1933 1239 1982 in
1273 1933 1505 1985 Domino
1529 1940 1846 2000 procurator
1869 1937 1987 2003 ipse
2006 1937 2219 2004 judica-

473 2017 628 2077 verit,
651 2022 701 2067 et
726 2023 923 2068 attenta
943 2020 1243 2081 praesertim
1263 2018 1380 2083 lege
1399 2032 1428 2068 a
1459 2019 1508 2068 S.
1539 2019 1596 2070 C.
1626 2019 1692 2070 de
1713 2021 2056 2086 Propaganda
2087 2021 2218 2071 Fide

471 2099 812 2166 praescripta‚
854 2100 1047 2153 secreti
1088 2102 1356 2162 servandi,
1404 2108 1455 2154 et
1495 2104 1900 2155 considerantes
1937 2104 2085 2170 quod
2108 2103 2224 2168 epi-

477 2188 628 2239 stolae
655 2202 684 2238 a
714 2193 1058 2252 procuratore
1091 2185 1419 2237 transmissae
1444 2186 1501 2236 in
1526 2186 1730 2237 alienas
1762 2200 1952 2239 manus
1980 2185 2222 2238 incidere

473 2271 712 2337 possint,
741 2272 1165 2335 responderunt,
1193 2271 1442 2324 eumdem
1464 2278 1865 2336 procuratorem
1884 2310 1897 2333 ‚
1927 2273 2110 2324 eadem
2131 2285 2219 2322 se-

473 2360 604 2410 creti
630 2359 748 2424 lege
773 2357 973 2409 indicta
998 2355 1217 2408 nomine
1243 2355 1463 2421 synodi,
1489 2370 1666 2421 posse,
1696 2362 1908 2422 peracta
1932 2356 2147 2422 Synodo
2167 2364 2219 2414 et

473 2456 583 2492 non
610 2441 793 2507 priuS‚
833 2440 1145 2506 episcopum
1178 2441 1300 2489 viva
1338 2453 1467 2489 voce
1498 2439 1689 2489 docere
1723 2427 1971 2503 qnaenam
2005 2428 2221 2490 decreta

476 2526 579 2576 lata
612 2525 740 2576 sint.

542 2616 771 2663 Demum
809 2611 948 2662 dicta
974 2612 1246 2673 oratione,
1278 2613 1471 2663 Sancta
1504 2612 1699 2674 Maria,
1727 2627 1998 2671 succurre,
2035 2625 2222 2663 omnes

474 2694 691 2747 dimissi
723 2702 867 2745 sunt.

543 2785 688 2834 Hora
733 2796 876 2833 nona
915 2781 1287 2846 pomeridiana
1326 2781 1632 2834 benedictio
1664 2783 1991 2835 venerabilis
2032 2786 2219 2836 Sacra-

476 2873 646 2925 menti
670 2873 790 2924 data
813 2879 892 2923 est
917 2874 982 2924 ab
1009 2872 1263 2937 episcopo
1287 2871 1674 2922 Beverlacensi.

541 2962 741 3013 Eadem
768 2961 887 3022 die,
928 2959 1060 3009 hora
1093 2959 1416 3019 meridiana,
1447 2962 1809 3008 convenerant
1845 2955 1903 3006 in
1934 2957 2054 3008 suis
2085 2950 2222 3009 aulis

474 3043 917 3111 congregationes
936 3044 1283 3111 particulares
1307 3065 1318 3095 :
1349 3047 1397 3095 1.
1427 3042 1719 3107 Liturqica.
1750 3043 1800 3094 2.
1826 3043 2218 3109 Disciplinaris.

478 3131 528 3179 3.
550 3127 777 3181 Mor-alis
811 3143 909 3179 seu
946 3127 1203 3193 qeneralefs
1241 3146 1257 3177 .·
1293 3133 1344 3178 et
1372 3126 1503 3178 hora
1534 3128 1690 3177 tertia
1725 3126 2098 3192 pomeridiana
2116 3125 2220 3177 ite-

476 3203 600 3263 rum'
624 3200 822 3263 habitae
845 3218 988 3262 sunt.
1017 3212 1161 3263 Hora
1191 3215 1380 3277 quarta
1419 3224 1606 3261 omnes
1646 3213 1949 3278 presbyteri
1985 3214 2222 3265 advocati

479 3300 634 3354 sunt,
663 3309 693 3345 a
718 3300 935 3347 cantore
963 3301 1014 3346 et
1049 3293 1468 3346 caeremoniariis
1505 3295 1562 3344 in
1602 3300 1761 3346 cantu
1803 3302 1854 3347 et
1888 3297 2219 3348 caeremoniis

478 3377 798 3427 exercitandi
822 3397 833 3439 ;
861 3393 968 3444 quo
994 3379 1050 3429 in
1082 3378 1311 3444 publicis
1340 3379 1674 3429 sessionibus
1699 3384 2014 3450 peragendis
2039 3384 2219 3435 omnia
